
    <record>
        <leader>00951nam a22002898i 4500</leader>
        <controlfield tag="001">019054731</controlfield>
        <controlfield tag="003">Uk</controlfield>
        <controlfield tag="005">20180918170000.0</controlfield>
        <controlfield tag="008">180823s2018    nyu           000|f|eng|d</controlfield>
        <datafield tag="016" ind1="7" ind2=" ">
            <subfield code="a">019054731</subfield>
            <subfield code="2">Uk</subfield>
        </datafield>
        <datafield tag="020" ind1=" " ind2=" ">
            <subfield code="a">9780486828404 (pbk.) :</subfield>
            <subfield code="c">£8.99</subfield>
        </datafield>
        <datafield tag="082" ind1="0" ind2="4">
            <subfield code="a">823.912</subfield>
            <subfield code="2">23</subfield>
        </datafield>
        <datafield tag="100" ind1="1" ind2=" ">
            <subfield code="a">Galsworthy, John,</subfield>
            <subfield code="d">1867-1933,</subfield>
            <subfield code="e">author.</subfield>
        </datafield>
        <datafield tag="245" ind1="1" ind2="4">
            <subfield code="a">The Forsyte saga /</subfield>
            <subfield code="c">John Galsworthy.</subfield>
        </datafield>
        <datafield tag="263" ind1=" " ind2=" ">
            <subfield code="a">201811</subfield>
        </datafield>
        <datafield tag="264" ind1=" " ind2="1">
            <subfield code="a">New York :</subfield>
            <subfield code="b">Dover Publications,</subfield>
            <subfield code="c">2018.</subfield>
        </datafield>
        <datafield tag="300" ind1=" " ind2=" ">
            <subfield code="a">1 volume ;</subfield>
            <subfield code="c">21 cm</subfield>
        </datafield>
        <datafield tag="336" ind1=" " ind2=" ">
            <subfield code="a">text</subfield>
            <subfield code="2">rdacontent</subfield>
        </datafield>
        <datafield tag="337" ind1=" " ind2=" ">
            <subfield code="a">unmediated</subfield>
            <subfield code="2">rdamedia</subfield>
        </datafield>
        <datafield tag="338" ind1=" " ind2=" ">
            <subfield code="a">volume</subfield>
            <subfield code="2">rdacarrier</subfield>
        </datafield>
        <datafield tag="505" ind1="0" ind2=" ">
            <subfield code="a">Man of property -- In chancery -- To let.</subfield>
        </datafield>
        <datafield tag="700" ind1="1" ind2="2">
            <subfield code="a">Galsworthy, John,</subfield>
            <subfield code="d">1867-1933.</subfield>
            <subfield code="t">In chancery</subfield>
            <subfield code="1">http://viaf.org/viaf/308700785</subfield>
        </datafield>
        <datafield tag="700" ind1="1" ind2="2">
            <subfield code="a">Galsworthy, John,</subfield>
            <subfield code="d">1867-1933.</subfield>
            <subfield code="t">Man of property</subfield>
            <subfield code="1">http://viaf.org/viaf/312331201</subfield>
        </datafield>
        <datafield tag="700" ind1="1" ind2="2">
            <subfield code="a">Galsworthy, John,</subfield>
            <subfield code="d">1867-1933.</subfield>
            <subfield code="t">To let</subfield>
            <subfield code="1">http://viaf.org/viaf/309259117</subfield>
        </datafield>
    </record>