
    <record>
        <leader>00770nam a22002771a 4500</leader>
        <controlfield tag="001">015469665</controlfield>
        <controlfield tag="003">Uk</controlfield>
        <controlfield tag="005">20110106224031.0</controlfield>
        <controlfield tag="007">ta</controlfield>
        <controlfield tag="008">101213s2009    enk           000 1 eng d</controlfield>
        <datafield tag="016" ind1="7" ind2=" ">
            <subfield code="a">015469665</subfield>
            <subfield code="2">Uk</subfield>
        </datafield>
        <datafield tag="020" ind1=" " ind2=" ">
            <subfield code="a">9781907245008 (pbk.)</subfield>
        </datafield>
        <datafield tag="043" ind1=" " ind2=" ">
            <subfield code="a">e-uk-en</subfield>
        </datafield>
        <datafield tag="082" ind1="0" ind2="4">
            <subfield code="a">823.912</subfield>
            <subfield code="2">22</subfield>
        </datafield>
        <datafield tag="100" ind1="1" ind2=" ">
            <subfield code="a">Galsworthy, John,</subfield>
            <subfield code="d">1867-1933.</subfield>
        </datafield>
        <datafield tag="245" ind1="1" ind2="4">
            <subfield code="a">The Island Pharisees /</subfield>
            <subfield code="c">John Galsworthy.</subfield>
        </datafield>
        <datafield tag="260" ind1=" " ind2=" ">
            <subfield code="a">[Nailsea] :</subfield>
            <subfield code="b">Myna Classics,</subfield>
            <subfield code="c">c2009.</subfield>
        </datafield>
        <datafield tag="300" ind1=" " ind2=" ">
            <subfield code="a">198 p. ;</subfield>
            <subfield code="c">21 cm.</subfield>
        </datafield>
        <datafield tag="336" ind1=" " ind2=" ">
            <subfield code="a">text</subfield>
            <subfield code="2">rdacontent</subfield>
        </datafield>
        <datafield tag="337" ind1=" " ind2=" ">
            <subfield code="a">unmediated</subfield>
            <subfield code="2">rdamedia</subfield>
        </datafield>
        <datafield tag="338" ind1=" " ind2=" ">
            <subfield code="a">volume</subfield>
            <subfield code="2">rdacarrier</subfield>
        </datafield>
    </record>