
    <record>
        <leader>00910 am a2200313ua 4500</leader>
        <controlfield tag="001">010703170</controlfield>
        <controlfield tag="005">20170916174300.0</controlfield>
        <controlfield tag="008">850429s1984    enk    ||     000 ||eng  </controlfield>
        <datafield tag="019" ind1="1" ind2=" ">
            <subfield code="a">0582792584</subfield>
        </datafield>
        <datafield tag="019" ind1="9" ind2=" ">
            <subfield code="a">0582792584</subfield>
        </datafield>
        <datafield tag="019" ind1="y" ind2=" ">
            <subfield code="a">b8516899</subfield>
        </datafield>
        <datafield tag="020" ind1=" " ind2=" ">
            <subfield code="a">0582792584 (pbk) :</subfield>
            <subfield code="c">£0.99</subfield>
        </datafield>
        <datafield tag="039" ind1="0" ind2=" ">
            <subfield code="a">1838</subfield>
        </datafield>
        <datafield tag="082" ind1="0" ind2="4">
            <subfield code="a">823/.912</subfield>
            <subfield code="2">19</subfield>
        </datafield>
        <datafield tag="100" ind1="1" ind2=" ">
            <subfield code="a">Baker, Georgiana.</subfield>
        </datafield>
        <datafield tag="245" ind1="1" ind2="0">
            <subfield code="a">John Galsworthy, Strife :</subfield>
            <subfield code="b">notes /</subfield>
            <subfield code="c">by Georgiana Baker.</subfield>
        </datafield>
        <datafield tag="260" ind1=" " ind2=" ">
            <subfield code="a">Harlow :</subfield>
            <subfield code="b">Longman,</subfield>
            <subfield code="c">1984.</subfield>
        </datafield>
        <datafield tag="300" ind1=" " ind2=" ">
            <subfield code="a">72p. ;</subfield>
            <subfield code="c">21cm.</subfield>
        </datafield>
        <datafield tag="336" ind1=" " ind2=" ">
            <subfield code="a">text</subfield>
            <subfield code="2">rdacontent</subfield>
        </datafield>
        <datafield tag="337" ind1=" " ind2=" ">
            <subfield code="a">unmediated</subfield>
            <subfield code="2">rdamedia</subfield>
        </datafield>
        <datafield tag="338" ind1=" " ind2=" ">
            <subfield code="a">volume</subfield>
            <subfield code="2">rdacarrier</subfield>
        </datafield>
        <datafield tag="490" ind1="0" ind2=" ">
            <subfield code="a">York notes ;</subfield>
            <subfield code="v">239</subfield>
        </datafield>
        <datafield tag="504" ind1=" " ind2=" ">
            <subfield code="a">Bibliography: p70.</subfield>
        </datafield>
        <datafield tag="600" ind1="1" ind2="4">
            <subfield code="a">Galsworthy, John,</subfield>
            <subfield code="d">1867-1933.</subfield>
            <subfield code="t">Strife.</subfield>
        </datafield>
        <datafield tag="700" ind1="1" ind2=" ">
            <subfield code="a">Galsworthy, John,</subfield>
            <subfield code="d">1867-1933.</subfield>
            <subfield code="t">Strife.</subfield>
        </datafield>
    </record>