
    <record>
        <leader>00626 am a22002293u 4500</leader>
        <controlfield tag="001">007652185</controlfield>
        <controlfield tag="005">20181221184300.0</controlfield>
        <controlfield tag="008">741016s1952    xxk    ||     000 ||eng  </controlfield>
        <datafield tag="019" ind1="9" ind2=" ">
            <subfield code="a">b5212202</subfield>
        </datafield>
        <datafield tag="019" ind1="y" ind2=" ">
            <subfield code="a">B5212202</subfield>
        </datafield>
        <datafield tag="082" ind1="0" ind2="4">
            <subfield code="a">823.91</subfield>
            <subfield code="2">18</subfield>
        </datafield>
        <datafield tag="100" ind1="1" ind2=" ">
            <subfield code="a">Galsworthy, John,</subfield>
            <subfield code="d">1867-1933.</subfield>
        </datafield>
        <datafield tag="245" ind1="1" ind2="0">
            <subfield code="a">To let.</subfield>
        </datafield>
        <datafield tag="264" ind1=" " ind2="1">
            <subfield code="b">Heinemann, in association with Chatt o&amp; Windus,</subfield>
            <subfield code="c">1952.</subfield>
        </datafield>
        <datafield tag="300" ind1=" " ind2=" ">
            <subfield code="a">248 pages ;</subfield>
            <subfield code="c">18 cm.</subfield>
        </datafield>
        <datafield tag="336" ind1=" " ind2=" ">
            <subfield code="a">text</subfield>
            <subfield code="2">rdacontent</subfield>
        </datafield>
        <datafield tag="337" ind1=" " ind2=" ">
            <subfield code="a">unmediated</subfield>
            <subfield code="2">rdamedia</subfield>
        </datafield>
        <datafield tag="338" ind1=" " ind2=" ">
            <subfield code="a">volume</subfield>
            <subfield code="2">rdacarrier</subfield>
        </datafield>
        <datafield tag="490" ind1="0" ind2=" ">
            <subfield code="a">Vanguard library series-no.9</subfield>
        </datafield>
        <datafield tag="500" ind1=" " ind2=" ">
            <subfield code="a">First published 1921.</subfield>
        </datafield>
    </record>