
    <record>
        <leader>00797cim a2200229u  4500</leader>
        <controlfield tag="001">9518757</controlfield>
        <controlfield tag="005">20221128112703.0</controlfield>
        <controlfield tag="008">850118s1976    xx ||nn        ||   eng  </controlfield>
        <datafield tag="010" ind1=" " ind2=" ">
            <subfield code="a">   78741560 </subfield>
        </datafield>
        <datafield tag="245" ind1="0" ind2="4">
            <subfield code="a">The Apple tree [Sound recording]</subfield>
        </datafield>
        <datafield tag="260" ind1=" " ind2=" ">
            <subfield code="a">[n.p.]</subfield>
            <subfield code="b">Amercian Forces and Television Service RU 20-6, 3B.</subfield>
            <subfield code="c">[1976]</subfield>
        </datafield>
        <datafield tag="300" ind1=" " ind2=" ">
            <subfield code="a">p. cm.</subfield>
        </datafield>
        <datafield tag="350" ind1=" " ind2=" ">
            <subfield code="a">on side 2 of 1 disc. 33 1/3 rpm. mono. 12 in.</subfield>
        </datafield>
        <datafield tag="700" ind1="1" ind2=" ">
            <subfield code="a">Galsworthy, John,</subfield>
            <subfield code="d">1867-1933.</subfield>
            <subfield code="t">Apple tree. [from old catalog]</subfield>
        </datafield>
        <datafield tag="700" ind1="1" ind2=" ">
            <subfield code="a">Heflin, Van. [from old catalog]</subfield>
        </datafield>
        <datafield tag="810" ind1="2" ind2=" ">
            <subfield code="a">Playhouse 25.</subfield>
            <subfield code="t">[Sound recording]</subfield>
            <subfield code="v">186. [from old catalog]</subfield>
        </datafield>
    </record>