
    <record>
        <leader>01420cam a2200349 a 4500</leader>
        <controlfield tag="001">930642</controlfield>
        <controlfield tag="005">20190408140912.0</controlfield>
        <controlfield tag="008">830131s1915    enka          000 0 eng  </controlfield>
        <datafield tag="010" ind1=" " ind2=" ">
            <subfield code="a">   82466925 </subfield>
        </datafield>
        <datafield tag="043" ind1=" " ind2=" ">
            <subfield code="a">e-uk---</subfield>
        </datafield>
        <datafield tag="082" ind1="0" ind2="0">
            <subfield code="a">357/.188</subfield>
            <subfield code="2">19</subfield>
        </datafield>
        <datafield tag="245" ind1="0" ind2="4">
            <subfield code="a">The Army Veterinary Corps :</subfield>
            <subfield code="b">its work and its needs, and how it is helped by the R.S.P.C.A.</subfield>
        </datafield>
        <datafield tag="260" ind1=" " ind2=" ">
            <subfield code="a">[London :</subfield>
            <subfield code="b">Royal Society for the Prevention of Cruelty to Animals?,</subfield>
            <subfield code="c">1915]</subfield>
        </datafield>
        <datafield tag="300" ind1=" " ind2=" ">
            <subfield code="a">12 p. :</subfield>
            <subfield code="b">ill. ;</subfield>
            <subfield code="c">25 cm.</subfield>
        </datafield>
        <datafield tag="500" ind1=" " ind2=" ">
            <subfield code="a">"An appeal to all horse lovers, by John Galsworthy": p. [1]-2.</subfield>
        </datafield>
        <datafield tag="500" ind1=" " ind2=" ">
            <subfield code="a">A solicitation for funds by the R.S.P.C.A. Fund for Sick and Wounded Horses.</subfield>
        </datafield>
        <datafield tag="500" ind1=" " ind2=" ">
            <subfield code="a">Caption title.</subfield>
        </datafield>
        <datafield tag="610" ind1="1" ind2="0">
            <subfield code="a">Great Britain.</subfield>
            <subfield code="b">Army Veterinary Corps.</subfield>
        </datafield>
        <datafield tag="610" ind1="2" ind2="0">
            <subfield code="a">Royal Society for the Prevention of Cruelty to Animals.</subfield>
        </datafield>
        <datafield tag="700" ind1="1" ind2="2">
            <subfield code="a">Galsworthy, John,</subfield>
            <subfield code="d">1867-1933</subfield>
        </datafield>
        <datafield tag="710" ind1="2" ind2=" ">
            <subfield code="a">R.S.P.C.A. Fund for Sick and Wounded Horses.</subfield>
        </datafield>
        <datafield tag="710" ind1="2" ind2=" ">
            <subfield code="a">Royal Society for the Prevention of Cruelty to Animals.</subfield>
        </datafield>
    </record>