
    <record>
        <leader>01621cjm a2200385 a 4500</leader>
        <controlfield tag="001">5791359</controlfield>
        <controlfield tag="005">20191009172811.0</controlfield>
        <controlfield tag="007">sd fsngnnmmned</controlfield>
        <controlfield tag="008">980528s1996    enkuun|           | zxx  </controlfield>
        <datafield tag="010" ind1=" " ind2=" ">
            <subfield code="a">   98703440 </subfield>
        </datafield>
        <datafield tag="024" ind1="1" ind2=" ">
            <subfield code="a">5014797166608</subfield>
        </datafield>
        <datafield tag="028" ind1="0" ind2="2">
            <subfield code="a">EMPRCD 660</subfield>
            <subfield code="b">Emporio</subfield>
        </datafield>
        <datafield tag="245" ind1="0" ind2="0">
            <subfield code="a">BBC radio top tunes.</subfield>
        </datafield>
        <datafield tag="260" ind1=" " ind2=" ">
            <subfield code="a">Watford :</subfield>
            <subfield code="b">Emporio,</subfield>
            <subfield code="c">℗1996.</subfield>
        </datafield>
        <datafield tag="300" ind1=" " ind2=" ">
            <subfield code="a">1 audio disc :</subfield>
            <subfield code="b">digital ;</subfield>
            <subfield code="c">4 3/4 in.</subfield>
        </datafield>
        <datafield tag="336" ind1=" " ind2=" ">
            <subfield code="a">performed music</subfield>
            <subfield code="b">prm</subfield>
            <subfield code="2">rdacontent</subfield>
        </datafield>
        <datafield tag="337" ind1=" " ind2=" ">
            <subfield code="a">audio</subfield>
            <subfield code="b">s</subfield>
            <subfield code="2">rdamedia</subfield>
        </datafield>
        <datafield tag="338" ind1=" " ind2=" ">
            <subfield code="a">audio disc</subfield>
            <subfield code="b">sd</subfield>
            <subfield code="2">rdacarrier</subfield>
        </datafield>
        <datafield tag="500" ind1=" " ind2=" ">
            <subfield code="a">Brief record.</subfield>
        </datafield>
        <datafield tag="505" ind1="0" ind2=" ">
            <subfield code="a">Sweet and gentle -- The sky at night -- The Archers -- Sleepy shores -- Midweek -- Medley. Family favourites ; Top of the form ; Sing something simple ; Desert Island discs -- The Onedin Line -- Film '74 -- The Forsyte saga -- The lotus eaters -- Softly softly -- Medley. Pebble Mill at one ; Dad's army ; Tomorrow's world ; Match of the day.</subfield>
        </datafield>
        <datafield tag="511" ind1="0" ind2=" ">
            <subfield code="a">Unidentified "Radio Orchestra" ; Norrie Paramor, conductor.</subfield>
        </datafield>
        <datafield tag="648" ind1=" " ind2="7">
            <subfield code="a">1991-2000</subfield>
            <subfield code="2">fast</subfield>
        </datafield>
        <datafield tag="700" ind1="1" ind2=" ">
            <subfield code="a">Paramor, Norrie.</subfield>
            <subfield code="4">cnd</subfield>
        </datafield>
        <datafield tag="710" ind1="2" ind2=" ">
            <subfield code="a">BBC Radio.</subfield>
            <subfield code="4">prf</subfield>
        </datafield>
    </record>