
    <record>
        <leader>01877cam a22003493a 4500</leader>
        <controlfield tag="001">16911464</controlfield>
        <controlfield tag="005">20130627125122.0</controlfield>
        <controlfield tag="008">110809s1928    xxu           000 0 eng  </controlfield>
        <datafield tag="010" ind1=" " ind2=" ">
            <subfield code="a">  2011658144</subfield>
        </datafield>
        <datafield tag="245" ind1="0" ind2="0">
            <subfield code="a">Escape.</subfield>
        </datafield>
        <datafield tag="260" ind1=" " ind2=" ">
            <subfield code="c">1928.</subfield>
        </datafield>
        <datafield tag="300" ind1=" " ind2=" ">
            <subfield code="a">1 v. (theater program).</subfield>
        </datafield>
        <datafield tag="500" ind1=" " ind2=" ">
            <subfield code="a">Cast: Leslie Howard, Henrietta Goodwin, Edgar B. Kent, S.B. Roberts, F. Cecil Butler, Lawrence Hanray, St. Clair Bayfield, Edgar B. Kent, Frieda Inescort, Cyrena Smith, J.P. Wilson, Letty Kinnell, Ruth Vivian, Alan Trotter, Viva Tattersall, Geraldine Kay, Edith Holden, Lois Heatherley, Austin Trevor.</subfield>
        </datafield>
        <datafield tag="500" ind1=" " ind2=" ">
            <subfield code="a">LC copy shelved under: Abie's Irish rose.</subfield>
            <subfield code="5">DLC</subfield>
        </datafield>
        <datafield tag="500" ind1=" " ind2=" ">
            <subfield code="a">Poli's Theater, Washington, D.C., week of Monday, May 14, 1928, matinees Wednesday and Sunday.</subfield>
        </datafield>
        <datafield tag="500" ind1=" " ind2=" ">
            <subfield code="a">Title devised by Library staff.</subfield>
        </datafield>
        <datafield tag="501" ind1=" " ind2=" ">
            <subfield code="a">With: Abie's Irish rose. Issued together.</subfield>
        </datafield>
        <datafield tag="520" ind1=" " ind2=" ">
            <subfield code="a">Poli's Theatre, Washington, D.C., S.Z. Poli, proprietor, direction Messrs. Lee &amp; J.J. Shubert, L. Stoddard Taylor, manager, Winthrop Ames presents "Escape" an episodic play in a prologue and nine scenes by John Galsworthy, with Leslie Howard.</subfield>
        </datafield>
        <datafield tag="580" ind1=" " ind2=" ">
            <subfield code="a">In: American theater programs of the late 19th and 20th centuries (Library of Congress).</subfield>
        </datafield>
        <datafield tag="700" ind1="1" ind2=" ">
            <subfield code="a">Ames, Winthrop,</subfield>
            <subfield code="d">1870-1937.</subfield>
        </datafield>
        <datafield tag="700" ind1="1" ind2=" ">
            <subfield code="a">Galsworthy, John,</subfield>
            <subfield code="d">1867-1933.</subfield>
            <subfield code="t">Escape.</subfield>
        </datafield>
        <datafield tag="700" ind1="1" ind2=" ">
            <subfield code="a">Howard, Leslie,</subfield>
            <subfield code="d">1893-1943.</subfield>
        </datafield>
        <datafield tag="710" ind1="2" ind2=" ">
            <subfield code="a">Poli's Theatre (Washington, D.C.)</subfield>
        </datafield>
        <datafield tag="710" ind1="2" ind2=" ">
            <subfield code="a">Theater Playbills and Programs Collection (Library of Congress)</subfield>
            <subfield code="5">DLC</subfield>
        </datafield>
        <datafield tag="752" ind1=" " ind2=" ">
            <subfield code="a">United States</subfield>
            <subfield code="b">District of Columbia</subfield>
            <subfield code="d">Washington.</subfield>
        </datafield>
    </record>