
    <record>
        <leader>04161cgm a22007577a 4500</leader>
        <controlfield tag="001">17392696</controlfield>
        <controlfield tag="005">20120918142659.0</controlfield>
        <controlfield tag="007">vd bvaizm</controlfield>
        <controlfield tag="008">120719s2002    xxk000 g          mleng d</controlfield>
        <datafield tag="010" ind1=" " ind2=" ">
            <subfield code="a">  2012605752</subfield>
        </datafield>
        <datafield tag="020" ind1=" " ind2=" ">
            <subfield code="a">0790773422</subfield>
        </datafield>
        <datafield tag="020" ind1=" " ind2=" ">
            <subfield code="a">9780790773421</subfield>
        </datafield>
        <datafield tag="024" ind1="1" ind2=" ">
            <subfield code="a">794051171627</subfield>
        </datafield>
        <datafield tag="028" ind1="4" ind2="0">
            <subfield code="a">E1716</subfield>
            <subfield code="b">BBC Video</subfield>
        </datafield>
        <datafield tag="037" ind1=" " ind2=" ">
            <subfield code="b">Midwest Tapes</subfield>
            <subfield code="n">http://www.midwesttapes.com</subfield>
        </datafield>
        <datafield tag="041" ind1="0" ind2=" ">
            <subfield code="a">eng</subfield>
            <subfield code="j">eng</subfield>
        </datafield>
        <datafield tag="043" ind1=" " ind2=" ">
            <subfield code="a">e-uk-en</subfield>
        </datafield>
        <datafield tag="082" ind1="0" ind2="4">
            <subfield code="a">791.45/75</subfield>
            <subfield code="2">22</subfield>
        </datafield>
        <datafield tag="245" ind1="0" ind2="4">
            <subfield code="a">The Forsyte saga.</subfield>
            <subfield code="n">The complete series /</subfield>
            <subfield code="c">British Broadcasting Corporation ; Turner Entertainment Co. ; an AOL Time Warner Company ; produced and dramatised by Donald Wilson ; directed by David Giles and James Cellan Jones.</subfield>
        </datafield>
        <datafield tag="257" ind1=" " ind2=" ">
            <subfield code="a">Great Britain.</subfield>
        </datafield>
        <datafield tag="260" ind1=" " ind2=" ">
            <subfield code="a">[S.l.] :</subfield>
            <subfield code="b">BBC Video ;</subfield>
            <subfield code="a">Burbank, CA :</subfield>
            <subfield code="b">Distributed in the US and Canada under license from BBC Worldwide Americas by Warner Home Video,</subfield>
            <subfield code="c">c2002.</subfield>
        </datafield>
        <datafield tag="300" ind1=" " ind2=" ">
            <subfield code="a">7 videodiscs (ca. 1300 min.) :</subfield>
            <subfield code="b">sd., b&amp;w ;</subfield>
            <subfield code="c">4 3/4 in.</subfield>
            <subfield code="3">viewing copy.</subfield>
        </datafield>
        <datafield tag="500" ind1=" " ind2=" ">
            <subfield code="a">Bonus features over 2 hours: from the rehearsal room ; interviews behind the scenes ; Soames vs. Irene ; the Forsyte phenomenon ; deleted and alternate scenes ; outtakes ; cast bios.</subfield>
        </datafield>
        <datafield tag="500" ind1=" " ind2=" ">
            <subfield code="a">Duration: discs 1-6 each ca. 200 min. ; disc 7 ca. 100 min. ; bonus features on disc 7 ca. 2 hr.</subfield>
        </datafield>
        <datafield tag="500" ind1=" " ind2=" ">
            <subfield code="a">Includes all 26 episodes on 7 DVDs in 1 container.</subfield>
        </datafield>
        <datafield tag="500" ind1=" " ind2=" ">
            <subfield code="a">Originally released as a television mini-series in 1967.</subfield>
        </datafield>
        <datafield tag="500" ind1=" " ind2=" ">
            <subfield code="a">Title from container.</subfield>
        </datafield>
        <datafield tag="505" ind1="0" ind2="0">
            <subfield code="g">Disc 1. episodes 1-4.</subfield>
            <subfield code="t">A family festival ;</subfield>
            <subfield code="t">A family scandal ;</subfield>
            <subfield code="t">The pursuit of happiness ;</subfield>
            <subfield code="t">Dinner at Swithin's --</subfield>
            <subfield code="g">disc 2. episodes 5-8.</subfield>
            <subfield code="t">A man of property ;</subfield>
            <subfield code="t">Decisions ;</subfield>
            <subfield code="t">Into the dark ;</subfield>
            <subfield code="t">Indian summer of a Forsyte --</subfield>
            <subfield code="g">disc 3 episodes 9-12.</subfield>
            <subfield code="t">In Chancery ;</subfield>
            <subfield code="t">The challenge ;</subfield>
            <subfield code="t">In the web ;</subfield>
            <subfield code="t">Birth of a Forsyte --</subfield>
            <subfield code="g">disc 4 episodes 13-16.</subfield>
            <subfield code="t">Encounter ;</subfield>
            <subfield code="t">Conflict ;</subfield>
            <subfield code="t">To let ;</subfield>
            <subfield code="t">A family wedding --</subfield>
            <subfield code="g">disc 5. episodes 17-20.</subfield>
            <subfield code="t">The white monkey ;</subfield>
            <subfield code="t">Afternoon of a Dryad ;</subfield>
            <subfield code="t">No retreat ;</subfield>
            <subfield code="t">A silent wooing --</subfield>
            <subfield code="g">disc 6. episode 21-24.</subfield>
            <subfield code="t">Action for libel ;</subfield>
            <subfield code="t">The silver spoon ;</subfield>
            <subfield code="t">Strike ;</subfield>
            <subfield code="t">Afternoon at Ascot --</subfield>
            <subfield code="g">disc 7. episodes 25-26.</subfield>
            <subfield code="t">Portrait of Fleur ;</subfield>
            <subfield code="t">Swan song ;</subfield>
            <subfield code="g">Bonus features.</subfield>
        </datafield>
        <datafield tag="508" ind1=" " ind2=" ">
            <subfield code="a">Written by Donald Wilson, Constance Cox, Laurie Craig, Vincent Tilsley and Anthony Steven.</subfield>
        </datafield>
        <datafield tag="511" ind1="1" ind2=" ">
            <subfield code="a">Kenneth More, Eric Porter, Nyree Dawn Porter, Joseph O'Conor.</subfield>
        </datafield>
        <datafield tag="520" ind1=" " ind2=" ">
            <subfield code="a">BBC television adaptation of John Galsworthy's work, chronicling nearly 50 turbulent years of a wealthy English family.</subfield>
        </datafield>
        <datafield tag="521" ind1="8" ind2=" ">
            <subfield code="a">MPAA rating: Not rated.</subfield>
        </datafield>
        <datafield tag="538" ind1=" " ind2=" ">
            <subfield code="a">DVD; region 1; NTSC; aspect ratio 1.33:1; Dolby Digital 2.0 mono.</subfield>
        </datafield>
        <datafield tag="546" ind1=" " ind2=" ">
            <subfield code="a">Closed-captioned.</subfield>
        </datafield>
        <datafield tag="700" ind1="1" ind2=" ">
            <subfield code="a">Cox, Constance.</subfield>
        </datafield>
        <datafield tag="700" ind1="1" ind2=" ">
            <subfield code="a">Craig, Laurie.</subfield>
        </datafield>
        <datafield tag="700" ind1="1" ind2=" ">
            <subfield code="a">Galsworthy, John,</subfield>
            <subfield code="d">1867-1933.</subfield>
            <subfield code="t">Forsyte saga.</subfield>
        </datafield>
        <datafield tag="700" ind1="1" ind2=" ">
            <subfield code="a">Giles, David,</subfield>
            <subfield code="d">1926-2010.</subfield>
        </datafield>
        <datafield tag="700" ind1="1" ind2=" ">
            <subfield code="a">Jones, James Cellan,</subfield>
            <subfield code="d">1931-</subfield>
        </datafield>
        <datafield tag="700" ind1="1" ind2=" ">
            <subfield code="a">More, Kenneth,</subfield>
            <subfield code="d">1914-1982.</subfield>
        </datafield>
        <datafield tag="700" ind1="1" ind2=" ">
            <subfield code="a">O'Conor, Joseph,</subfield>
            <subfield code="d">1916-2001.</subfield>
        </datafield>
        <datafield tag="700" ind1="1" ind2=" ">
            <subfield code="a">Porter, Eric,</subfield>
            <subfield code="d">1928-1995.</subfield>
        </datafield>
        <datafield tag="700" ind1="1" ind2=" ">
            <subfield code="a">Porter, Nyree Dawn.</subfield>
        </datafield>
        <datafield tag="700" ind1="1" ind2=" ">
            <subfield code="a">Steven, Anthony,</subfield>
            <subfield code="d">1916-1990.</subfield>
        </datafield>
        <datafield tag="700" ind1="1" ind2=" ">
            <subfield code="a">Tilsley, Vincent.</subfield>
        </datafield>
        <datafield tag="700" ind1="1" ind2=" ">
            <subfield code="a">Wilson, Donald,</subfield>
            <subfield code="d">1910-2002.</subfield>
        </datafield>
        <datafield tag="710" ind1="2" ind2=" ">
            <subfield code="a">AOL Time Warner.</subfield>
        </datafield>
        <datafield tag="710" ind1="2" ind2=" ">
            <subfield code="a">BBC Video (Firm)</subfield>
        </datafield>
        <datafield tag="710" ind1="2" ind2=" ">
            <subfield code="a">BBC Worldwide Americas, Inc.</subfield>
        </datafield>
        <datafield tag="710" ind1="2" ind2=" ">
            <subfield code="a">British Broadcasting Corporation.</subfield>
        </datafield>
        <datafield tag="710" ind1="2" ind2=" ">
            <subfield code="a">LC Purchase Collection (Library of Congress)</subfield>
            <subfield code="5">DLC</subfield>
        </datafield>
        <datafield tag="710" ind1="2" ind2=" ">
            <subfield code="a">Turner Entertainment Co.</subfield>
        </datafield>
        <datafield tag="710" ind1="2" ind2=" ">
            <subfield code="a">Warner Home Video (Firm)</subfield>
        </datafield>
        <datafield tag="730" ind1="0" ind2=" ">
            <subfield code="a">Forsyte saga (Television program : 1967)</subfield>
        </datafield>
    </record>