
    <record>
        <leader>01594cam a2200301 a 4500</leader>
        <controlfield tag="001">1949343</controlfield>
        <controlfield tag="005">19960603075111.7</controlfield>
        <controlfield tag="008">870527t19871983nyu           000 1 eng  </controlfield>
        <datafield tag="010" ind1=" " ind2=" ">
            <subfield code="a">   87013939 </subfield>
        </datafield>
        <datafield tag="020" ind1=" " ind2=" ">
            <subfield code="a">0517641259 :</subfield>
            <subfield code="c">$6.98</subfield>
        </datafield>
        <datafield tag="082" ind1="0" ind2="0">
            <subfield code="a">823/.01/08</subfield>
            <subfield code="2">19</subfield>
        </datafield>
        <datafield tag="245" ind1="0" ind2="0">
            <subfield code="a">Great short stories of the 20th century /</subfield>
            <subfield code="c">edited by Martin H. Greenberg and Charles G. Waugh.</subfield>
        </datafield>
        <datafield tag="260" ind1=" " ind2=" ">
            <subfield code="a">New York :</subfield>
            <subfield code="b">Avenel Books,</subfield>
            <subfield code="c">1987, c1983.</subfield>
        </datafield>
        <datafield tag="300" ind1=" " ind2=" ">
            <subfield code="a">278 p. ;</subfield>
            <subfield code="c">24 cm.</subfield>
        </datafield>
        <datafield tag="500" ind1=" " ind2=" ">
            <subfield code="a">Rev. ed. of: The Arbor House treasury of Nobel prize winners. c1983.</subfield>
        </datafield>
        <datafield tag="505" ind1="0" ind2=" ">
            <subfield code="a">The man who would be king / Rudyard Kipling -- The Crucifixion of the outcast / William Butler Yeats -- Don Giovanni explains / George Bernard Shaw -- You know how women are / Sinclair Lewis -- Salvation of a Forsyte / John Galsworhy -- The lovers / Pearl S. Buck -- Barn burning / William Faulkner -- The infra-redioscope / Bertrand Russell -- The short happy life of Francis Macomber / Ernest Hemingway -- The leader of the people / John Steinbeck -- The Gonzaba manuscripts / Saul Bellow -- Yentl the Yeshiva boy / Isaac Bashevis Singer.</subfield>
        </datafield>
        <datafield tag="700" ind1="1" ind2=" ">
            <subfield code="a">Greenberg, Martin Harry.</subfield>
        </datafield>
        <datafield tag="700" ind1="1" ind2=" ">
            <subfield code="a">Waugh, Charles.</subfield>
        </datafield>
        <datafield tag="730" ind1="0" ind2=" ">
            <subfield code="a">Arbor House treasury of Nobel prize winners.</subfield>
        </datafield>
    </record>