
    <record>
        <leader>01813cam a22003373a 4500</leader>
        <controlfield tag="001">17671781</controlfield>
        <controlfield tag="005">20130326095519.0</controlfield>
        <controlfield tag="008">130325q1923    sz            000 0 fre  </controlfield>
        <datafield tag="010" ind1=" " ind2=" ">
            <subfield code="a">  2013657511</subfield>
        </datafield>
        <datafield tag="245" ind1="0" ind2="4">
            <subfield code="a">The little man.</subfield>
        </datafield>
        <datafield tag="260" ind1=" " ind2=" ">
            <subfield code="c">[1923?].</subfield>
        </datafield>
        <datafield tag="300" ind1=" " ind2=" ">
            <subfield code="a">1 v. (theater program).</subfield>
        </datafield>
        <datafield tag="500" ind1=" " ind2=" ">
            <subfield code="a">Cast: Frank Reynolds, Edward Stirling, Jack Twyman, Isobel Edmonds, Reginald Rivington, W. Molesworth Blow, Joan Welling, Cedric Bowden, Alex Rogerson, Gerrit Kraber.</subfield>
        </datafield>
        <datafield tag="500" ind1=" " ind2=" ">
            <subfield code="a">Grand Théâtre de Genève [1923?]</subfield>
        </datafield>
        <datafield tag="500" ind1=" " ind2=" ">
            <subfield code="a">LC copy shelved under: Arms and the man.</subfield>
            <subfield code="5">DLC</subfield>
        </datafield>
        <datafield tag="500" ind1=" " ind2=" ">
            <subfield code="a">Title devised by Library staff.</subfield>
        </datafield>
        <datafield tag="501" ind1=" " ind2=" ">
            <subfield code="a">With: Arms and the man / Bernard Shaw. Issued together.</subfield>
        </datafield>
        <datafield tag="520" ind1=" " ind2=" ">
            <subfield code="a">Grand Théâtre de Genève, sous le patronage de R.A.C. Sperling, Sir Eric Drummond, et de M. Albert Thomas, et sous les auspices de l'Association des Intérets de Genéve. English plays in English, saison de comédie anglaise. W. Edward Stirling and Frank Reynolds and the English Players, programme officiel. "The Little Man," a farcinal morality in three scenes by John Galsworthy.</subfield>
        </datafield>
        <datafield tag="546" ind1=" " ind2=" ">
            <subfield code="a">Plot summary and cast list in French and English.</subfield>
        </datafield>
        <datafield tag="580" ind1=" " ind2=" ">
            <subfield code="a">In: American theater programs of the late 19th and 20th centuries (Library of Congress).</subfield>
        </datafield>
        <datafield tag="700" ind1="1" ind2=" ">
            <subfield code="a">Galsworthy, John,</subfield>
            <subfield code="d">1867-1933.</subfield>
            <subfield code="t">Little man.</subfield>
        </datafield>
        <datafield tag="710" ind1="2" ind2=" ">
            <subfield code="a">Grand Théâtre de Genève.</subfield>
        </datafield>
        <datafield tag="710" ind1="2" ind2=" ">
            <subfield code="a">Theater Playbills and Programs Collection (Library of Congress)</subfield>
            <subfield code="5">DLC</subfield>
        </datafield>
        <datafield tag="752" ind1=" " ind2=" ">
            <subfield code="a">Switzerland</subfield>
            <subfield code="d">Geneva.</subfield>
        </datafield>
    </record>