
    <record>
        <leader>04530cam a2200433 i 4500</leader>
        <controlfield tag="001">18024812</controlfield>
        <controlfield tag="005">20221117122334.0</controlfield>
        <controlfield tag="008">140130s2014    nyu           000 1 eng  </controlfield>
        <datafield tag="010" ind1=" " ind2=" ">
            <subfield code="a">  2013050365</subfield>
        </datafield>
        <datafield tag="020" ind1=" " ind2=" ">
            <subfield code="a">9780375712463 (hardback)</subfield>
        </datafield>
        <datafield tag="043" ind1=" " ind2=" ">
            <subfield code="a">e-uk-en</subfield>
        </datafield>
        <datafield tag="082" ind1="0" ind2="0">
            <subfield code="a">823/.0108358421</subfield>
            <subfield code="2">23</subfield>
        </datafield>
        <datafield tag="245" ind1="0" ind2="0">
            <subfield code="a">London stories /</subfield>
            <subfield code="c">edited by Jerry White.</subfield>
        </datafield>
        <datafield tag="264" ind1=" " ind2="1">
            <subfield code="a">New York :</subfield>
            <subfield code="b">Alfred A. Knopf,</subfield>
            <subfield code="c">2014.</subfield>
        </datafield>
        <datafield tag="300" ind1=" " ind2=" ">
            <subfield code="a">432 pages ;</subfield>
            <subfield code="c">19 cm.</subfield>
        </datafield>
        <datafield tag="336" ind1=" " ind2=" ">
            <subfield code="a">text</subfield>
            <subfield code="2">rdacontent</subfield>
        </datafield>
        <datafield tag="337" ind1=" " ind2=" ">
            <subfield code="a">unmediated</subfield>
            <subfield code="2">rdamedia</subfield>
        </datafield>
        <datafield tag="338" ind1=" " ind2=" ">
            <subfield code="a">volume</subfield>
            <subfield code="2">rdacarrier</subfield>
        </datafield>
        <datafield tag="490" ind1="0" ind2=" ">
            <subfield code="a">Everyman's pocket classics</subfield>
        </datafield>
        <datafield tag="500" ind1=" " ind2=" ">
            <subfield code="a">"This is a Borzoi book"-- Title page verso.</subfield>
        </datafield>
        <datafield tag="505" ind1="8" ind2=" ">
            <subfield code="a">Machine generated contents note: Preface -- Thomas Dekker -- "London, lying sicke of the Plague" (1603) -- John Evelyn -- "The Great Fire of London" (1666) -- Daniel Defoe -- "A Ragged Boyhood" (1722) -- James Lackington -- "Love Among the Methodists" (1792) -- Samuel Whyte -- "A Visit to Charlotte Cibber" (1795) -- Thomas de Quincey -- "Ann of Oxford Street" (1822) -- William Makepeace Thackeray -- "Going to see a Man Hanged" (1840) -- Henry Mayhew -- "Watercress Girl" (1851) -- Charles Dickens -- "Down with the Tide" (1853) -- C. Maurice Davies -- "The Walworth Jumpers" (1876) -- Eliza Lynn Linton -- "My First Soiree" (1891) -- Arthur Conan Doyle -- "The Adventure of the Blue Carbuncle (1892) -- George Gissing -- "Christopherson" (1906) -- R. Andom -- "The Fetching of Susan" (1912) -- Frederick Treves -- "The Elephant Man" (1923) -- John Galsworthy -- "A Forsyte Encounters the People", 1917 (1930) -- Graham Greene -- "A Little Place off the Edgware Road" (1939) -- Mollie Panter-Downes -- "Good Evening, Mrs Craven" (1942) -- William Sansom -- "The Wall" (1944) -- Elizabeth Bowen -- "Mysterious Kor" (1945) -- J. B. Priestley -- "Coming to London" (1957) -- Jean Rhys -- "Tigers are Better-Looking" (1964) -- Muriel Spark -- "Daisy Overend" (1967) -- Doris Lessing -- "In Defence of the Underground" (1992) -- Irma Kurtz -- "Islington" (1997) -- Hanif Kureishi -- "The Umbrella" (1999).</subfield>
        </datafield>
        <datafield tag="520" ind1=" " ind2=" ">
            <subfield code="a">"An anthology of short fiction and nonfiction about the city of London from the past four centuries, edited by historian Jerry White"--</subfield>
            <subfield code="c">Provided by publisher.</subfield>
        </datafield>
        <datafield tag="520" ind1=" " ind2=" ">
            <subfield code="a">"London has the greatest literary tradition of any city in the world. Its roll call of storytellers includes cultural giants like Shakespeare, Defoe, and Dickens, and an innumerable host of writers of all sorts who sought to capture the essence of the place.  Acclaimed historian Jerry White has collected some twenty-six stories to illustrate the extraordinary diversity of both London life and writing over the past four centuries, from Shakespeare's day to the present. These are stories of fact and fiction and occasionally something in between, some from well-known voices and others practically unknown. Here are dramatic views of such iconic events as the plague, the Great Fire of London, and the Blitz, but also William Thackeray's account of going to see a man hanged, Thomas De Quincey's friendship with a teenaged prostitute, and Doris Lessing's defense of the Underground. This literary London encompasses the famous Baker Street residence of Conan Doyle's Sherlock Holmes and the bombed-out moonscape of Elizabeth Bowen's wartime streets, Charles Dicken's treacherous River Thames and Frederick Treves's tragic Elephant Man. Graham Greene, Jean Rhys, Muriel Spark, and Hanif Kureishi are among the many great writers who give us their varied Londons here, revealing a city of boundless wealth and ragged squalor, of moving tragedy and riotous joy.  (Book Jacket Status: Jacketed)"--</subfield>
            <subfield code="c">Provided by publisher.</subfield>
        </datafield>
        <datafield tag="700" ind1="1" ind2=" ">
            <subfield code="a">White, Jerry,</subfield>
            <subfield code="d">1949-</subfield>
            <subfield code="e">editor of compilation.</subfield>
        </datafield>
    </record>