
    <record>
        <leader>01775cam a2200361 a 4500</leader>
        <controlfield tag="001">2054464</controlfield>
        <controlfield tag="005">20151124104406.0</controlfield>
        <controlfield tag="008">940523s1994    nyu           000 1 eng d</controlfield>
        <datafield tag="010" ind1=" " ind2=" ">
            <subfield code="a">   93090479 </subfield>
        </datafield>
        <datafield tag="020" ind1=" " ind2=" ">
            <subfield code="a">0345382218 :</subfield>
            <subfield code="c">$11.00 ($14.50 Can.)</subfield>
        </datafield>
        <datafield tag="082" ind1="0" ind2="0">
            <subfield code="a">813/.0108354</subfield>
            <subfield code="2">20</subfield>
        </datafield>
        <datafield tag="245" ind1="0" ind2="0">
            <subfield code="a">Love in full bloom /</subfield>
            <subfield code="c">edited by Margaret Fowler and Priscilla McCutcheon.</subfield>
        </datafield>
        <datafield tag="250" ind1=" " ind2=" ">
            <subfield code="a">1st ed.</subfield>
        </datafield>
        <datafield tag="260" ind1=" " ind2=" ">
            <subfield code="a">New York :</subfield>
            <subfield code="b">Ballantine Books,</subfield>
            <subfield code="c">1994.</subfield>
        </datafield>
        <datafield tag="300" ind1=" " ind2=" ">
            <subfield code="a">xiv, 381 p. ;</subfield>
            <subfield code="c">21 cm.</subfield>
        </datafield>
        <datafield tag="505" ind1="0" ind2=" ">
            <subfield code="a">Christmas roses / Edna O'Brien -- September song / William Humphrey -- My man Bovanne / Toni Cade Bambara -- The courtship of Widow Sobcek / Joanna Higgins -- Bar bar bar / Irvin Faust -- Of love and friendship / Arturo Vivante -- Indian summer of a Forsyte / John Galsworthy -- The man with the dog / Ruth Prawer Jhabvala -- The king is threatened / Margareta Ekstrom -- The girl across the room / Alice Adams -- Mrs. Moonlight / Helen Norris -- Letter to the lady of the house / Richard Bausch -- Tell me a riddle / Tillie Olsen -- We are nighttime travelers / Ethan Canin.</subfield>
        </datafield>
        <datafield tag="700" ind1="1" ind2=" ">
            <subfield code="a">Fowler, Margaret.</subfield>
        </datafield>
        <datafield tag="700" ind1="1" ind2=" ">
            <subfield code="a">McCutcheon, Priscilla.</subfield>
        </datafield>
    </record>