
    <record>
        <leader>01863cam a22003373a 4500</leader>
        <controlfield tag="001">17137510</controlfield>
        <controlfield tag="005">20120430143129.0</controlfield>
        <controlfield tag="008">120127s1923    xxu           000 0 eng  </controlfield>
        <datafield tag="010" ind1=" " ind2=" ">
            <subfield code="a">  2012656333</subfield>
        </datafield>
        <datafield tag="245" ind1="0" ind2="0">
            <subfield code="a">Loyalties.</subfield>
        </datafield>
        <datafield tag="260" ind1=" " ind2=" ">
            <subfield code="c">1923.</subfield>
        </datafield>
        <datafield tag="300" ind1=" " ind2=" ">
            <subfield code="a">1 v. (theater program).</subfield>
        </datafield>
        <datafield tag="500" ind1=" " ind2=" ">
            <subfield code="a">Cast: Charles Esdale, Mary Forbes, James Dale, Henry Carvill, Herbert Bunston, Cynthia Latham, Chas. Quartermaine, Ottola Nesmith, Victor Tandy, Deering Wells, Henry Morrell, Murray Stephens, Wilfred Seagram.</subfield>
        </datafield>
        <datafield tag="500" ind1=" " ind2=" ">
            <subfield code="a">LC copy 2: Imperfect: [6] p. only of program. Has note in pencil: "Emmie &amp; I, Sat. 17".</subfield>
            <subfield code="5">DLC</subfield>
        </datafield>
        <datafield tag="500" ind1=" " ind2=" ">
            <subfield code="a">National Theatre [Washington, D.C.], week beginning Sunday, November 11, 1923, matinees Wednesday and Saturday.</subfield>
        </datafield>
        <datafield tag="500" ind1=" " ind2=" ">
            <subfield code="a">Title devised by Library staff.</subfield>
        </datafield>
        <datafield tag="520" ind1=" " ind2=" ">
            <subfield code="a">National Theatre, direction W.H. Rapley, business management W.H. Fowler. Charles Dillingham presents "Loyalties," a drama in three acts by John Galsworthy (by arrangement with the Reandean Co., of London, Eng.) The play produced by Basil Dean, Harry Dornton, stage manager.</subfield>
        </datafield>
        <datafield tag="580" ind1=" " ind2=" ">
            <subfield code="a">In: American theater programs of the late 19th and 20th centuries (Library of Congress).</subfield>
        </datafield>
        <datafield tag="700" ind1="1" ind2=" ">
            <subfield code="a">Dean, Basil,</subfield>
            <subfield code="d">1888-1978.</subfield>
        </datafield>
        <datafield tag="700" ind1="1" ind2=" ">
            <subfield code="a">Dillingham, C. B.</subfield>
            <subfield code="q">(Charles Bancroft),</subfield>
            <subfield code="d">1868-1934.</subfield>
        </datafield>
        <datafield tag="700" ind1="1" ind2=" ">
            <subfield code="a">Galsworthy, John,</subfield>
            <subfield code="d">1867-1933.</subfield>
            <subfield code="t">Loyalties.</subfield>
        </datafield>
        <datafield tag="710" ind1="2" ind2=" ">
            <subfield code="a">National Theatre Corporation (Washington, D.C.)</subfield>
        </datafield>
        <datafield tag="710" ind1="2" ind2=" ">
            <subfield code="a">Theater Playbills and Programs Collection (Library of Congress)</subfield>
            <subfield code="5">DLC</subfield>
        </datafield>
        <datafield tag="752" ind1=" " ind2=" ">
            <subfield code="a">United States</subfield>
            <subfield code="b">District of Columbia</subfield>
            <subfield code="d">Washington.</subfield>
        </datafield>
    </record>