
    <record>
        <leader>02154cam a22003613a 4500</leader>
        <controlfield tag="001">17512910</controlfield>
        <controlfield tag="005">20121219161302.0</controlfield>
        <controlfield tag="008">121031s1927    xxu           000 0 eng  </controlfield>
        <datafield tag="010" ind1=" " ind2=" ">
            <subfield code="a">  2012660843</subfield>
        </datafield>
        <datafield tag="245" ind1="0" ind2="0">
            <subfield code="a">Old English.</subfield>
        </datafield>
        <datafield tag="260" ind1=" " ind2=" ">
            <subfield code="c">1927.</subfield>
        </datafield>
        <datafield tag="300" ind1=" " ind2=" ">
            <subfield code="a">1 sheet (playbill) ;</subfield>
            <subfield code="c">41 x 12 cm.</subfield>
        </datafield>
        <datafield tag="500" ind1=" " ind2=" ">
            <subfield code="a">Cast: George Arliss, Guy Cunningham, Alan Trotter, Murray Kinnell, Lewis A. Sealy, Perry Norman, Irby Marshal, Molly Johnson, Elnor Johnson, Ivan F. Simpson, Lillian Brennard, Martin Daniel, Gordon McRae, Langford Hayes, George Harcourt, M. Murray Stephens, Harry Kendall, Arthur Villars, Thomas Donnelly, Henrietta Goodwin, Henry Morrell, Dora Lennox.</subfield>
        </datafield>
        <datafield tag="500" ind1=" " ind2=" ">
            <subfield code="a">Shubert-Belasco Theater, Washington, D.C. week of Monday, April 25th, 1927, matinees Wednesday and Saturday.</subfield>
        </datafield>
        <datafield tag="500" ind1=" " ind2=" ">
            <subfield code="a">Title devised by Library staff.</subfield>
        </datafield>
        <datafield tag="505" ind1="0" ind2=" ">
            <subfield code="a">The music: Overture. Old English Aiars / arr. by Robert Hood Bowers -- Henry VIII Dances / Edward German -- Nell Gwyn Dances / Edward German -- Exit march "Ye Gentlemen of England / Old English.</subfield>
        </datafield>
        <datafield tag="520" ind1=" " ind2=" ">
            <subfield code="a">Shubert-Belasco Theater in Washington City, direction Messrs. Lee &amp; J.J. Shubert, L. Stoddard Taylor, manager. Winthrop Ames presents George Arliss in "Old English," a play in three acts by John Galsworthy. Stage manager Maude T. Howell.</subfield>
        </datafield>
        <datafield tag="580" ind1=" " ind2=" ">
            <subfield code="a">In: American theater programs of the late 19th and 20th centuries (Library of Congress).</subfield>
        </datafield>
        <datafield tag="700" ind1="1" ind2=" ">
            <subfield code="a">Ames, Winthrop,</subfield>
            <subfield code="d">1870-1937.</subfield>
        </datafield>
        <datafield tag="700" ind1="1" ind2=" ">
            <subfield code="a">Arliss, George,</subfield>
            <subfield code="d">1868-1946.</subfield>
        </datafield>
        <datafield tag="700" ind1="1" ind2=" ">
            <subfield code="a">Galsworthy, John,</subfield>
            <subfield code="d">1867-1933.</subfield>
            <subfield code="t">Old English.</subfield>
        </datafield>
        <datafield tag="710" ind1="2" ind2=" ">
            <subfield code="a">Shubert-Belasco Theatre (Organization : Washington, D.C.)</subfield>
        </datafield>
        <datafield tag="710" ind1="2" ind2=" ">
            <subfield code="a">Theater Playbills and Programs Collection (Library of Congress)</subfield>
            <subfield code="5">DLC</subfield>
        </datafield>
        <datafield tag="752" ind1=" " ind2=" ">
            <subfield code="a">United States</subfield>
            <subfield code="b">District of Columbia</subfield>
            <subfield code="d">Washington.</subfield>
        </datafield>
    </record>