
    <record>
        <leader>01102cas a2200313u| 4500</leader>
        <controlfield tag="001">7315643</controlfield>
        <controlfield tag="005">20020716084501.0</controlfield>
        <controlfield tag="008">860205q1918    enk||||||||||||   ||eng| </controlfield>
        <datafield tag="010" ind1=" " ind2=" ">
            <subfield code="a">   20011139 </subfield>
        </datafield>
        <datafield tag="043" ind1=" " ind2=" ">
            <subfield code="a">e-uk---</subfield>
        </datafield>
        <datafield tag="245" ind1="0" ind2="0">
            <subfield code="a">Reveille; devoted to the disabled sailor &amp; soldier.</subfield>
        </datafield>
        <datafield tag="260" ind1=" " ind2=" ">
            <subfield code="a">London,</subfield>
            <subfield code="b">H. M. Stationery off.,</subfield>
            <subfield code="c">1918-19.</subfield>
        </datafield>
        <datafield tag="300" ind1=" " ind2=" ">
            <subfield code="a">549 p.</subfield>
            <subfield code="b">plates (part col.)</subfield>
            <subfield code="c">25 cm.</subfield>
        </datafield>
        <datafield tag="310" ind1=" " ind2=" ">
            <subfield code="a">Unknown</subfield>
        </datafield>
        <datafield tag="500" ind1=" " ind2=" ">
            <subfield code="a">Serial.</subfield>
        </datafield>
        <datafield tag="590" ind1=" " ind2=" ">
            <subfield code="a">PREMARC/SERLOC merged record</subfield>
        </datafield>
        <datafield tag="700" ind1="1" ind2=" ">
            <subfield code="a">Evans, Charles Seddon,</subfield>
            <subfield code="d">1883- [from old catalog]</subfield>
            <subfield code="e">ed.</subfield>
        </datafield>
        <datafield tag="700" ind1="1" ind2=" ">
            <subfield code="a">Galsworthy, John,</subfield>
            <subfield code="d">1867-1933.</subfield>
        </datafield>
        <datafield tag="780" ind1="0" ind2="0">
            <subfield code="n">SERLOC preceding entry</subfield>
            <subfield code="t">Recalled to life</subfield>
        </datafield>
    </record>