
    <record>
        <leader>01277cam a2200265   4500</leader>
        <controlfield tag="001">4560834</controlfield>
        <controlfield tag="005">20070601115004.0</controlfield>
        <controlfield tag="008">711105s1971    nyua          000 0 eng  </controlfield>
        <datafield tag="010" ind1=" " ind2=" ">
            <subfield code="a">   73029652 </subfield>
        </datafield>
        <datafield tag="082" ind1="0" ind2="0">
            <subfield code="a">808.8</subfield>
        </datafield>
        <datafield tag="245" ind1="0" ind2="0">
            <subfield code="a">Rudolf Eucken, Anatole France [and] John Galsworthy.</subfield>
        </datafield>
        <datafield tag="260" ind1=" " ind2=" ">
            <subfield code="a">New York,</subfield>
            <subfield code="b">A. Gregory</subfield>
            <subfield code="c">[1971]</subfield>
        </datafield>
        <datafield tag="300" ind1=" " ind2=" ">
            <subfield code="a">362 p.</subfield>
            <subfield code="b">illus.</subfield>
            <subfield code="c">25 cm.</subfield>
        </datafield>
        <datafield tag="440" ind1=" " ind2="0">
            <subfield code="a">Nobel Prize library</subfield>
        </datafield>
        <datafield tag="505" ind1="0" ind2=" ">
            <subfield code="a">Rudolf Eucken: Presentation address. Ethics and modern thought. Essays. The life and works of Rudolf Eucken. The 1908 prize.--Anatole France: Presentation address. Acceptance speech. The gods are athirst. The life and works of Anatole France. The 1921 prize.--John Galsworthy: Presentation address. Salvation of a Forsyte. Awakening. Indian summer of a Forsyte. Justice. The juryman. The life and works of John Galsworthy. The 1932 prize.</subfield>
        </datafield>
        <datafield tag="700" ind1="1" ind2=" ">
            <subfield code="a">Eucken, Rudolf,</subfield>
            <subfield code="d">1846-1926.</subfield>
        </datafield>
        <datafield tag="700" ind1="1" ind2=" ">
            <subfield code="a">Galsworthy, John,</subfield>
            <subfield code="d">1867-1933.</subfield>
        </datafield>
        <datafield tag="700" ind1="1" ind2="2">
            <subfield code="a">France, Anatole,</subfield>
            <subfield code="d">1844-1924.</subfield>
            <subfield code="t">Dieux ont soif.</subfield>
            <subfield code="l">English.</subfield>
            <subfield code="f">1971.</subfield>
        </datafield>
    </record>