
    <record>
        <leader>01638cam a22003251  4500</leader>
        <controlfield tag="001">9220039</controlfield>
        <controlfield tag="005">20000501154140.0</controlfield>
        <controlfield tag="008">720828s1931    mau      b    000 0 eng  </controlfield>
        <datafield tag="010" ind1=" " ind2=" ">
            <subfield code="a">   31031500 </subfield>
        </datafield>
        <datafield tag="041" ind1="1" ind2=" ">
            <subfield code="a">eng</subfield>
            <subfield code="h">gerrusfre</subfield>
        </datafield>
        <datafield tag="245" ind1="0" ind2="0">
            <subfield code="a">Seven contemporary plays /</subfield>
            <subfield code="c">selected and edited by Charles H. Whitman.</subfield>
        </datafield>
        <datafield tag="260" ind1=" " ind2=" ">
            <subfield code="a">Boston :</subfield>
            <subfield code="b">Houghton Mifflin,</subfield>
            <subfield code="c">[1931]</subfield>
        </datafield>
        <datafield tag="300" ind1=" " ind2=" ">
            <subfield code="a">viii, 565 p. ;</subfield>
            <subfield code="c">20 cm.</subfield>
        </datafield>
        <datafield tag="505" ind1="0" ind2=" ">
            <subfield code="a">An enemy of the people / Henrik Ibsen, tr. by Eleanor Mark-Aveling. -- The sunken bell / Gerhart Hauptmann, tr. by C. H. Meltzer. -- The cherry orchard / Anton Chekov, tr. by Constance Garnett. -- Cyrano de Bergerac / Edmond Rostand, tr. by Gertrude Hall. -- Strife / John Galsworthy. -- Riders to the sea / John M. Synge. -- Beyond the horizon / Eugene O'Neill.</subfield>
        </datafield>
        <datafield tag="700" ind1="1" ind2=" ">
            <subfield code="a">Whitman, Charles Huntington,</subfield>
            <subfield code="d">1873-1937,</subfield>
            <subfield code="e">comp.</subfield>
        </datafield>
        <datafield tag="700" ind1="1" ind2="2">
            <subfield code="a">Chekhov, Anton Pavlovich,</subfield>
            <subfield code="d">1860-1904.</subfield>
            <subfield code="t">Vishnevyĭ sad.</subfield>
            <subfield code="l">English.</subfield>
        </datafield>
        <datafield tag="700" ind1="1" ind2="2">
            <subfield code="a">Galsworthy, John,</subfield>
            <subfield code="d">1867-1933.</subfield>
            <subfield code="t">Strife.</subfield>
        </datafield>
        <datafield tag="700" ind1="1" ind2="2">
            <subfield code="a">Hauptmann, Gerhart,</subfield>
            <subfield code="d">1862-1946.</subfield>
            <subfield code="t">Versunkene Glocke.</subfield>
            <subfield code="l">English.</subfield>
        </datafield>
        <datafield tag="700" ind1="1" ind2="2">
            <subfield code="a">Ibsen, Henrik,</subfield>
            <subfield code="d">1828-1906.</subfield>
            <subfield code="t">Folkefiende.</subfield>
            <subfield code="l">English.</subfield>
        </datafield>
        <datafield tag="700" ind1="1" ind2="2">
            <subfield code="a">O'Neill, Eugene,</subfield>
            <subfield code="d">1888-1953.</subfield>
            <subfield code="t">Beyond the horizon.</subfield>
        </datafield>
        <datafield tag="700" ind1="1" ind2="2">
            <subfield code="a">Rostand, Edmond,</subfield>
            <subfield code="d">1868-1918.</subfield>
            <subfield code="t">Cyrano de Bergerac.</subfield>
            <subfield code="l">English.</subfield>
        </datafield>
        <datafield tag="700" ind1="1" ind2="2">
            <subfield code="a">Synge, J. M.</subfield>
            <subfield code="q">(John Millington),</subfield>
            <subfield code="d">1871-1909.</subfield>
            <subfield code="t">Riders to the sea.</subfield>
        </datafield>
    </record>