
    <record>
        <leader>02012cam a22003613a 4500</leader>
        <controlfield tag="001">17405144</controlfield>
        <controlfield tag="005">20130107104521.0</controlfield>
        <controlfield tag="008">120727s1922    xxu           000 0 eng  </controlfield>
        <datafield tag="010" ind1=" " ind2=" ">
            <subfield code="a">  2012659731</subfield>
        </datafield>
        <datafield tag="245" ind1="0" ind2="4">
            <subfield code="a">The skin game.</subfield>
        </datafield>
        <datafield tag="260" ind1=" " ind2=" ">
            <subfield code="c">1922.</subfield>
        </datafield>
        <datafield tag="300" ind1=" " ind2=" ">
            <subfield code="a">1 sheet (playbill).</subfield>
        </datafield>
        <datafield tag="500" ind1=" " ind2=" ">
            <subfield code="a">"Next week Fay Bainter in 'East is West'."</subfield>
        </datafield>
        <datafield tag="500" ind1=" " ind2=" ">
            <subfield code="a">Cast: Reginald Dance, Aileen Wyse, Audrey Cameron, Matthew Boulton, Jane Grey, Russell Sedgwick, Francis Roberts, Arthur C. Crosby, J. Lister Williams, Lindon Lang, Nora Nicholson, Frank Snell, J.T. Levy.</subfield>
        </datafield>
        <datafield tag="500" ind1=" " ind2=" ">
            <subfield code="a">Shubert-Garrick Theatre, Washington, D.C., week commencing Monday, Feb. 20, 1922, matinees Wednesday, Washington's Birthday, and Saturday.</subfield>
        </datafield>
        <datafield tag="500" ind1=" " ind2=" ">
            <subfield code="a">Title devised by Library staff.</subfield>
        </datafield>
        <datafield tag="520" ind1=" " ind2=" ">
            <subfield code="a">Shubert-Garrick, Washington's polite, smart little theatre beautiful, F Street at Seventh. A playhouse of quality, presenting the foremost foreign and native artists and attractions, direction of Messrs. Lee and J.J. Shubert, L. Stoddard Taylor, R.M. Wm. A. Brady (in association with Reandean, London) presents "The Skin Game," a tragi-comedy in three acts by John Galsworthy. The play produced by Basil Dean.</subfield>
        </datafield>
        <datafield tag="580" ind1=" " ind2=" ">
            <subfield code="a">In: American theater programs of the late 19th and 20th centuries (Library of Congress).</subfield>
        </datafield>
        <datafield tag="700" ind1="1" ind2=" ">
            <subfield code="a">Brady, William A.,</subfield>
            <subfield code="d">1863-1950.</subfield>
        </datafield>
        <datafield tag="700" ind1="1" ind2=" ">
            <subfield code="a">Dean, Basil,</subfield>
            <subfield code="d">1888-1978.</subfield>
        </datafield>
        <datafield tag="700" ind1="1" ind2=" ">
            <subfield code="a">Galsworthy, John,</subfield>
            <subfield code="d">1867-1933.</subfield>
            <subfield code="t">Skin game.</subfield>
        </datafield>
        <datafield tag="710" ind1="2" ind2=" ">
            <subfield code="a">Shubert-Garrick Theatre (Organization : Washington, D.C.)</subfield>
        </datafield>
        <datafield tag="710" ind1="2" ind2=" ">
            <subfield code="a">Theater Playbills and Programs Collection (Library of Congress)</subfield>
            <subfield code="5">DLC</subfield>
        </datafield>
        <datafield tag="752" ind1=" " ind2=" ">
            <subfield code="a">United States</subfield>
            <subfield code="b">District of Columbia</subfield>
            <subfield code="d">Washington.</subfield>
        </datafield>
    </record>