
    <record>
        <leader>02512cam a22003733a 4500</leader>
        <controlfield tag="001">17405128</controlfield>
        <controlfield tag="005">20130107104412.0</controlfield>
        <controlfield tag="008">120727s1921    xxu           000 0 eng  </controlfield>
        <datafield tag="010" ind1=" " ind2=" ">
            <subfield code="a">  2012659730</subfield>
        </datafield>
        <datafield tag="245" ind1="0" ind2="4">
            <subfield code="a">The skin game.</subfield>
        </datafield>
        <datafield tag="260" ind1=" " ind2=" ">
            <subfield code="c">1921.</subfield>
        </datafield>
        <datafield tag="300" ind1=" " ind2=" ">
            <subfield code="a">1 v. (theater program).</subfield>
        </datafield>
        <datafield tag="500" ind1=" " ind2=" ">
            <subfield code="a">Cast: Joan Maclean, Marsh Allen, Edwin Morse, Tracy Barrow, Lillian Brennard, Cynthia Brooke, Arthur Bowyer, Herbert Lomas, N. St. Clair Hales, Jane Grey, Robertston Braine, Ernest Cossart, Ashton Tonge, Douglas Garden, Gina Gray.</subfield>
        </datafield>
        <datafield tag="500" ind1=" " ind2=" ">
            <subfield code="a">Color illustrated covers with color illustrated advertisement for Djer-Kiss cosmetics on inside front cover, Kelly Springfield Tires on inside back cover and Murad cigarettes on back cover.</subfield>
        </datafield>
        <datafield tag="500" ind1=" " ind2=" ">
            <subfield code="a">LC copy imperfect: [6] p. and front and back covers only, other pages cut from program. Handwritten notes in ink: "Sat. matinee, Feb.y 19, 1921, Nanna E &amp; I". Handwritten note on inside front cover: "Janet Richards. The [?] and D.C.".</subfield>
            <subfield code="5">DLC</subfield>
        </datafield>
        <datafield tag="500" ind1=" " ind2=" ">
            <subfield code="a">New Bijou Theatre [New York, N.Y.], week Monday evening, Februuary 14, 1921, matinees Wednesday and Saturday.</subfield>
        </datafield>
        <datafield tag="500" ind1=" " ind2=" ">
            <subfield code="a">Title devised by Library staff.</subfield>
        </datafield>
        <datafield tag="520" ind1=" " ind2=" ">
            <subfield code="a">New Bijou Theatre, Forty-Fifth Street, just west of Broadway, J.J. Shubert, proprietor, Jobi Amusement Co. lessees and manager, built under the personal direction of Mr. J.J. Shubert, Herbert J. Knapp, architect, Edward Margolies, contractor, decorations by Unitt and Wickes. William A. Brady (in association with Reandean, London) presents "The Skin Game," a tragi-comedy in three acts by John Galsworthy. The play produced by Basil Dean, scenery painted by Kennel &amp; Entwistle, stage manager Edwin H. Morse.</subfield>
        </datafield>
        <datafield tag="580" ind1=" " ind2=" ">
            <subfield code="a">In: American theater programs of the late 19th and 20th centuries (Library of Congress).</subfield>
        </datafield>
        <datafield tag="700" ind1="1" ind2=" ">
            <subfield code="a">Brady, William A.,</subfield>
            <subfield code="d">1863-1950.</subfield>
        </datafield>
        <datafield tag="700" ind1="1" ind2=" ">
            <subfield code="a">Dean, Basil,</subfield>
            <subfield code="d">1888-1978.</subfield>
        </datafield>
        <datafield tag="700" ind1="1" ind2=" ">
            <subfield code="a">Galsworthy, John,</subfield>
            <subfield code="d">1867-1933.</subfield>
            <subfield code="t">Skin game.</subfield>
        </datafield>
        <datafield tag="710" ind1="2" ind2=" ">
            <subfield code="a">Bijou Theatre (Organization : New York, N.Y.)</subfield>
        </datafield>
        <datafield tag="710" ind1="2" ind2=" ">
            <subfield code="a">Theater Playbills and Programs Collection (Library of Congress)</subfield>
            <subfield code="5">DLC</subfield>
        </datafield>
        <datafield tag="752" ind1=" " ind2=" ">
            <subfield code="a">United States</subfield>
            <subfield code="b">New York</subfield>
            <subfield code="d">New York.</subfield>
        </datafield>
    </record>