
    <record>
        <leader>01083ngm a22002895a 4500</leader>
        <controlfield tag="001">11560539</controlfield>
        <controlfield tag="005">00000000000000.0</controlfield>
        <controlfield tag="007">v| ||||||</controlfield>
        <controlfield tag="008">910418s1985    xx                vlund  </controlfield>
        <datafield tag="010" ind1=" " ind2=" ">
            <subfield code="a">   91722586 </subfield>
        </datafield>
        <datafield tag="017" ind1=" " ind2=" ">
            <subfield code="a">PA260-608</subfield>
            <subfield code="b">U.S. Copyright Office</subfield>
        </datafield>
        <datafield tag="245" ind1="0" ind2="0">
            <subfield code="a">Tired of being blonde /</subfield>
            <subfield code="c">produced by Joey Forsyte ; directed by Jeremy Irons.</subfield>
        </datafield>
        <datafield tag="257" ind1=" " ind2=" ">
            <subfield code="a">U.S.</subfield>
        </datafield>
        <datafield tag="260" ind1=" " ind2=" ">
            <subfield code="c">1985.</subfield>
        </datafield>
        <datafield tag="300" ind1=" " ind2=" ">
            <subfield code="a">1 videocassette :</subfield>
            <subfield code="b">sd., col. ;</subfield>
            <subfield code="c">3/4 in. viewing copy.</subfield>
        </datafield>
        <datafield tag="500" ind1=" " ind2=" ">
            <subfield code="a">Copyright notice on film: CBS, Inc. ; 1985.</subfield>
        </datafield>
        <datafield tag="500" ind1=" " ind2=" ">
            <subfield code="a">Copyright: PUB 17Jun85; REG 01Aug85; PA260-608.</subfield>
        </datafield>
        <datafield tag="500" ind1=" " ind2=" ">
            <subfield code="a">Music video performed by Carly Simon.</subfield>
        </datafield>
        <datafield tag="500" ind1=" " ind2=" ">
            <subfield code="a">Reference source used: copyright data sheet.</subfield>
        </datafield>
        <datafield tag="541" ind1=" " ind2=" ">
            <subfield code="d">Received: 10/01/85;</subfield>
            <subfield code="3">viewing copy;</subfield>
            <subfield code="c">copyright deposit--RNR;</subfield>
            <subfield code="a">Copyright Collection.</subfield>
        </datafield>
        <datafield tag="710" ind1="2" ind2=" ">
            <subfield code="a">Copyright Collection (Library of Congress)</subfield>
            <subfield code="5">DLC</subfield>
        </datafield>
    </record>