
    <record>
        <leader>01009cgm a22002655a 4500</leader>
        <controlfield tag="001">11557672</controlfield>
        <controlfield tag="005">20110830142026.0</controlfield>
        <controlfield tag="007">vf ccahr|</controlfield>
        <controlfield tag="008">910404s1985    xxu009            vleng  </controlfield>
        <datafield tag="010" ind1=" " ind2=" ">
            <subfield code="a">   91719498 </subfield>
        </datafield>
        <datafield tag="017" ind1=" " ind2=" ">
            <subfield code="a">PA317-364</subfield>
            <subfield code="b">U.S. Copyright Office</subfield>
        </datafield>
        <datafield tag="245" ind1="0" ind2="0">
            <subfield code="a">Tom goes to the bar /</subfield>
            <subfield code="c">produced by Joey Forsyte.</subfield>
        </datafield>
        <datafield tag="260" ind1=" " ind2=" ">
            <subfield code="c">1985.</subfield>
        </datafield>
        <datafield tag="300" ind1=" " ind2=" ">
            <subfield code="a">1 videocassette (9 min.) :</subfield>
            <subfield code="b">sd., b&amp;w ;</subfield>
            <subfield code="c">3/4 in.</subfield>
            <subfield code="3">viewing copy.</subfield>
        </datafield>
        <datafield tag="500" ind1=" " ind2=" ">
            <subfield code="a">Copyright notice on film: Parisot Productions, Inc. ; 1985.</subfield>
        </datafield>
        <datafield tag="500" ind1=" " ind2=" ">
            <subfield code="a">Copyright: PUB 01Sep85; REG 20Jun86; PA317-364.</subfield>
        </datafield>
        <datafield tag="500" ind1=" " ind2=" ">
            <subfield code="a">Reference source used: copyright data sheet.</subfield>
        </datafield>
        <datafield tag="541" ind1=" " ind2=" ">
            <subfield code="d">Received: 04/07/87;</subfield>
            <subfield code="3">viewing copy;</subfield>
            <subfield code="c">copyright deposit--no agree;</subfield>
            <subfield code="a">Copyright Collection.</subfield>
        </datafield>
        <datafield tag="710" ind1="2" ind2=" ">
            <subfield code="a">Copyright Collection (Library of Congress)</subfield>
            <subfield code="5">DLC</subfield>
        </datafield>
    </record>