
    <record>
        <leader>03820cam a2200421 i 4500</leader>
        <controlfield tag="001">22051455</controlfield>
        <controlfield tag="005">20210621142940.0</controlfield>
        <controlfield tag="006">m    |o  d |      </controlfield>
        <controlfield tag="007">cr |||||||||||</controlfield>
        <controlfield tag="008">140908s2015    mdua    ob    001 0 eng  </controlfield>
        <datafield tag="010" ind1=" " ind2=" ">
            <subfield code="a">  2021676999</subfield>
        </datafield>
        <datafield tag="020" ind1=" " ind2=" ">
            <subfield code="a">9781442244832</subfield>
            <subfield code="q">ebook</subfield>
        </datafield>
        <datafield tag="020" ind1=" " ind2=" ">
            <subfield code="z">9781442244825</subfield>
            <subfield code="q">cloth : alk. paper</subfield>
        </datafield>
        <datafield tag="020" ind1=" " ind2=" ">
            <subfield code="z">9781442244832</subfield>
            <subfield code="q">ebook</subfield>
        </datafield>
        <datafield tag="043" ind1=" " ind2=" ">
            <subfield code="a">e-uk---</subfield>
        </datafield>
        <datafield tag="082" ind1="0" ind2="0">
            <subfield code="a">791.45/65841</subfield>
            <subfield code="2">23</subfield>
        </datafield>
        <datafield tag="245" ind1="0" ind2="0">
            <subfield code="a">Upstairs and downstairs :</subfield>
            <subfield code="b">British costume drama television from The Forsyte Saga to Downton Abbey /</subfield>
            <subfield code="c">Edited by James Leggott, Julie Anne Taddeo.</subfield>
        </datafield>
        <datafield tag="264" ind1=" " ind2="1">
            <subfield code="a">Lanham :</subfield>
            <subfield code="b">Rowman and Littlefield,</subfield>
            <subfield code="c">[2015]</subfield>
        </datafield>
        <datafield tag="300" ind1=" " ind2=" ">
            <subfield code="a">1 online resource (xxx, 298 pages)</subfield>
        </datafield>
        <datafield tag="336" ind1=" " ind2=" ">
            <subfield code="a">text</subfield>
            <subfield code="b">txt</subfield>
            <subfield code="2">rdacontent</subfield>
        </datafield>
        <datafield tag="337" ind1=" " ind2=" ">
            <subfield code="a">computer</subfield>
            <subfield code="b">c</subfield>
            <subfield code="2">rdamedia</subfield>
        </datafield>
        <datafield tag="338" ind1=" " ind2=" ">
            <subfield code="a">online resource</subfield>
            <subfield code="b">cr</subfield>
            <subfield code="2">rdacarrier</subfield>
        </datafield>
        <datafield tag="504" ind1=" " ind2=" ">
            <subfield code="a">Includes bibliographical references and index.</subfield>
        </datafield>
        <datafield tag="505" ind1="0" ind2=" ">
            <subfield code="a">Introduction -- Approaches to the Costume Drama. Pageantry and populism, democratization and dissent: the forgotten 1970s / Claire Monk -- History's Drama: Narrative Space in "Golden Age" British Television Drama / Tom Bragg -- "It's not clever, it's not funny, and it's not period!": Costume Comedy and British Television / James Leggott -- "It is but a glimpse of the world of fashion": British Costume Drama, Dickens, and Serialization / Marc Napolitano -- Neverending Stories?: The Paradise and the Period Drama Series / Benjamin Poore -- Epistolarity and Masculinity in Andrew Davies's Trollope Adaptations / Ellen Moody -- "What are we going to do with Uncle Arthur?": Music in the British Serialized Period Drama / Scott Strovas and Karen Beth Strovas -- The Costume Drama, History, and Heritage. British Historical Drama and the Middle Ages / Andrew B.R. Elliott -- Desacralizing the Icon: Elizabeth I and Television / Sabrina Alcorn Baron -- "It's not the navy" We don't stand back to stand upwards": The Onedin Line and the Changing Waters of British Maritime Identity / Mark Fryers -- Good-Bye to All That: Piece of Cake, Danger UXB, and the Second World War / A. Bowdoin Van Riper -- Upstairs, Downstairs (2010-2012) and Narratives of Domestic and Foreign Appeasement / Giselle Bastin -- Downton Abbey and heritage / Katherine Byrne -- Experimentation and Post-Heritage in Contemporary TV Drama: Parade's End / Stella Hockenhull -- The Costume Drama, Sexual Politics,  and Fandom. "Why don't you take her?": Rape in the Poldark Narrative / Julie Anne Taddeo -- The Imaginative Power of Downton Abbey Fanfiction / Andrea Schmidt -- This Wonderful Commercial Machine: Gender, Class, and the Pleasures and Spectacle of Shopping in The Paradise and Mr. Selfridge / Andrea Wright -- Taking a Pregnant Pause: Interrogating the Feminist Potential of Call the -- Midwife / Louise FitzGerald -- Queer Lives: Representation and Reinterpretation in Upstairs, Downstairs and Downton Abbey / Lucy Brown -- Troubled by Violence: Transnational Complexity and the Critique of Masculinity in Ripper Street / Elke Weissmann.</subfield>
        </datafield>
        <datafield tag="588" ind1=" " ind2=" ">
            <subfield code="a">Description based on print version record and CIP data provided by publisher; resource not viewed.</subfield>
        </datafield>
        <datafield tag="700" ind1="1" ind2=" ">
            <subfield code="a">Leggott, James,</subfield>
            <subfield code="e">editor.</subfield>
        </datafield>
        <datafield tag="700" ind1="1" ind2=" ">
            <subfield code="a">Taddeo, Julie Anne,</subfield>
            <subfield code="e">editor.</subfield>
        </datafield>
        <datafield tag="776" ind1="0" ind2="8">
            <subfield code="i">Print version:</subfield>
            <subfield code="t">Upstairs and downstairs</subfield>
            <subfield code="d">Lanham : Rowman &amp; Littlefield, [2015]</subfield>
            <subfield code="z">9781442244825 (cloth : alk. paper)</subfield>
            <subfield code="w">(DLC)  2014031795</subfield>
        </datafield>
    </record>