
    <record>
        <leader>00622cam a2200205u  4500</leader>
        <controlfield tag="001">9497304</controlfield>
        <controlfield tag="005">20120111075230.0</controlfield>
        <controlfield tag="008">840418s1955    xx            000 0 beno </controlfield>
        <datafield tag="010" ind1=" " ind2=" ">
            <subfield code="a">   75984070 </subfield>
        </datafield>
        <datafield tag="100" ind1="1" ind2=" ">
            <subfield code="a">Banerjee, Arun Kumar. [from old catalog]</subfield>
        </datafield>
        <datafield tag="245" ind1="1" ind2="0">
            <subfield code="a">Smitā.</subfield>
        </datafield>
        <datafield tag="260" ind1=" " ind2=" ">
            <subfield code="c">1362 [1955]</subfield>
        </datafield>
        <datafield tag="300" ind1=" " ind2=" ">
            <subfield code="a">56 p.</subfield>
            <subfield code="b">;</subfield>
            <subfield code="c">19 cm.</subfield>
        </datafield>
        <datafield tag="500" ind1=" " ind2=" ">
            <subfield code="a">Romanized.</subfield>
        </datafield>
        <datafield tag="700" ind1="1" ind2=" ">
            <subfield code="a">Galsworthy, John,</subfield>
            <subfield code="d">1867-1933.</subfield>
            <subfield code="t">Joy. [from old catalog]</subfield>
        </datafield>
    </record>