
    <record>
        <leader>01270cam a22003251  4500</leader>
        <controlfield tag="001">7035323</controlfield>
        <controlfield tag="005">20230721153445.0</controlfield>
        <controlfield tag="008">740409s1932    enk           000 0 eng  </controlfield>
        <datafield tag="010" ind1=" " ind2=" ">
            <subfield code="a">   62033784 </subfield>
        </datafield>
        <datafield tag="041" ind1="1" ind2=" ">
            <subfield code="a">eng</subfield>
            <subfield code="h">fre</subfield>
        </datafield>
        <datafield tag="100" ind1="1" ind2=" ">
            <subfield code="a">Bizet, Georges,</subfield>
            <subfield code="d">1838-1875.</subfield>
        </datafield>
        <datafield tag="240" ind1="1" ind2="0">
            <subfield code="a">Carmen.</subfield>
            <subfield code="k">Libretto.</subfield>
            <subfield code="l">English</subfield>
        </datafield>
        <datafield tag="245" ind1="1" ind2="0">
            <subfield code="a">Carmen,</subfield>
            <subfield code="b">an opera in 4 acts. Taken from the story of Prosper Merimée;</subfield>
            <subfield code="c">the original libretto, by H. Meilhac and L. Halévy. New English version by John and Ada Galsworthy.</subfield>
        </datafield>
        <datafield tag="260" ind1=" " ind2=" ">
            <subfield code="a">London,</subfield>
            <subfield code="b">Elkin Mathews and Marrot;</subfield>
            <subfield code="a">New York,</subfield>
            <subfield code="b">C. Scribner's Sons,</subfield>
            <subfield code="c">1932.</subfield>
        </datafield>
        <datafield tag="300" ind1=" " ind2=" ">
            <subfield code="a">80 p.</subfield>
            <subfield code="c">20 cm.</subfield>
        </datafield>
        <datafield tag="500" ind1=" " ind2=" ">
            <subfield code="a">With translators' autograph signatures.</subfield>
        </datafield>
        <datafield tag="700" ind1="1" ind2=" ">
            <subfield code="a">Galsworthy, Ada,</subfield>
            <subfield code="d">-1956,</subfield>
            <subfield code="e">translator.</subfield>
        </datafield>
        <datafield tag="700" ind1="1" ind2=" ">
            <subfield code="a">Galsworthy, John,</subfield>
            <subfield code="d">1867-1933,</subfield>
            <subfield code="e">translator.</subfield>
        </datafield>
        <datafield tag="700" ind1="1" ind2=" ">
            <subfield code="a">Halévy, Ludovic,</subfield>
            <subfield code="d">1834-1908.</subfield>
            <subfield code="t">Carmen</subfield>
        </datafield>
        <datafield tag="700" ind1="1" ind2=" ">
            <subfield code="a">Meilhac, Henri,</subfield>
            <subfield code="d">1831-1897.</subfield>
            <subfield code="t">Carmen</subfield>
        </datafield>
    </record>