
    <record>
        <leader>01660cam a22003493u 4500</leader>
        <controlfield tag="001">7349968</controlfield>
        <controlfield tag="005">20230721153358.0</controlfield>
        <controlfield tag="008">810915s1932    enk           000 0 eng  </controlfield>
        <datafield tag="010" ind1=" " ind2=" ">
            <subfield code="a">   32029349 </subfield>
        </datafield>
        <datafield tag="100" ind1="1" ind2=" ">
            <subfield code="a">Bizet, Georges,</subfield>
            <subfield code="d">1838-1875.</subfield>
        </datafield>
        <datafield tag="245" ind1="1" ind2="0">
            <subfield code="a">Carmen,</subfield>
            <subfield code="b">an opera in four acts, taken from the story of Prosper Merimée, the original libretto</subfield>
            <subfield code="c">by H. Meilhac and L. Halévy; new English version by John and Ada Galsworthy.</subfield>
        </datafield>
        <datafield tag="260" ind1=" " ind2=" ">
            <subfield code="a">London,</subfield>
            <subfield code="b">E. Mathews and Marrot;</subfield>
            <subfield code="a">New York,</subfield>
            <subfield code="b">C. Scribner's sons,</subfield>
            <subfield code="c">1932.</subfield>
        </datafield>
        <datafield tag="300" ind1=" " ind2=" ">
            <subfield code="a">3 p.</subfield>
            <subfield code="b">l., v-xi, 80 p.</subfield>
            <subfield code="c">20 cm.</subfield>
        </datafield>
        <datafield tag="500" ind1=" " ind2=" ">
            <subfield code="a">"This edition consists of 650 numbered copies, signed by both translators, of which nos. 1 to 600 are for sale in England and America, and nos. 601 to 650 for presentation and review.  This is no. 648."</subfield>
            <subfield code="5">DLC</subfield>
        </datafield>
        <datafield tag="500" ind1=" " ind2=" ">
            <subfield code="a">LC copy: Autograph: Galsworthy, Ada, joint tr.</subfield>
            <subfield code="5">DLC</subfield>
        </datafield>
        <datafield tag="500" ind1=" " ind2=" ">
            <subfield code="a">LC copy: Autograph: Galsworthy, John.</subfield>
            <subfield code="5">DLC</subfield>
        </datafield>
        <datafield tag="500" ind1=" " ind2=" ">
            <subfield code="a">Without the music (by Bizet)</subfield>
        </datafield>
        <datafield tag="700" ind1="1" ind2=" ">
            <subfield code="a">Galsworthy, Ada,</subfield>
            <subfield code="d">-1956,</subfield>
            <subfield code="e">translator.</subfield>
        </datafield>
        <datafield tag="700" ind1="1" ind2=" ">
            <subfield code="a">Galsworthy, John,</subfield>
            <subfield code="d">1867-1933,</subfield>
            <subfield code="e">translator.</subfield>
        </datafield>
        <datafield tag="700" ind1="1" ind2=" ">
            <subfield code="a">Halévy, Ludovic,</subfield>
            <subfield code="d">1834-1908</subfield>
        </datafield>
        <datafield tag="700" ind1="1" ind2=" ">
            <subfield code="a">Meilhac, Henri,</subfield>
            <subfield code="d">1831-1897.</subfield>
            <subfield code="t">Carmen.</subfield>
        </datafield>
        <datafield tag="700" ind1="1" ind2=" ">
            <subfield code="a">Mérimée, Prosper,</subfield>
            <subfield code="d">1803-1870.</subfield>
            <subfield code="t">Carmen.</subfield>
        </datafield>
    </record>