
    <record>
        <leader>00851cam a22002411a 4500</leader>
        <controlfield tag="001">2162400</controlfield>
        <controlfield tag="005">20041004095813.0</controlfield>
        <controlfield tag="008">760824s1924    enk           000 0 eng  </controlfield>
        <datafield tag="010" ind1=" " ind2=" ">
            <subfield code="a">   24030191 </subfield>
        </datafield>
        <datafield tag="100" ind1="1" ind2=" ">
            <subfield code="a">Conrad, Joseph,</subfield>
            <subfield code="d">1857-1924.</subfield>
        </datafield>
        <datafield tag="245" ind1="1" ind2="0">
            <subfield code="a">Laughing Anne &amp; one day more;</subfield>
            <subfield code="c">two plays by Joseph Conrad, with an introduction by John Galsworthy.</subfield>
        </datafield>
        <datafield tag="260" ind1=" " ind2=" ">
            <subfield code="a">London,</subfield>
            <subfield code="b">J. Castle,</subfield>
            <subfield code="c">1924.</subfield>
        </datafield>
        <datafield tag="300" ind1=" " ind2=" ">
            <subfield code="a">127 p.</subfield>
            <subfield code="c">19 cm.</subfield>
        </datafield>
        <datafield tag="500" ind1=" " ind2=" ">
            <subfield code="a">Adaptations of the author's tales, "Because of the dollars" and "Tomorrow" respectively.</subfield>
        </datafield>
        <datafield tag="700" ind1="1" ind2=" ">
            <subfield code="a">Galsworthy, John,</subfield>
            <subfield code="d">1867-1933.</subfield>
        </datafield>
        <datafield tag="740" ind1="0" ind2=" ">
            <subfield code="a">One day more.</subfield>
        </datafield>
    </record>