
    <record>
        <leader>00905cam a22002411  4500</leader>
        <controlfield tag="001">5923355</controlfield>
        <controlfield tag="005">20041004101249.0</controlfield>
        <controlfield tag="008">750521s1925    xx            000 0 eng  </controlfield>
        <datafield tag="010" ind1=" " ind2=" ">
            <subfield code="a">   25010508 </subfield>
        </datafield>
        <datafield tag="100" ind1="1" ind2=" ">
            <subfield code="a">Conrad, Joseph,</subfield>
            <subfield code="d">1857-1924.</subfield>
        </datafield>
        <datafield tag="245" ind1="1" ind2="0">
            <subfield code="a">Laughing Anne,</subfield>
            <subfield code="b">One day more; two plays,</subfield>
            <subfield code="c">by Joseph Conrad, with an introduction by John Galsworthy.</subfield>
        </datafield>
        <datafield tag="260" ind1=" " ind2=" ">
            <subfield code="a">Garden City, N.Y.,</subfield>
            <subfield code="b">Doubleday, Page &amp; company,</subfield>
            <subfield code="c">1925.</subfield>
        </datafield>
        <datafield tag="300" ind1=" " ind2=" ">
            <subfield code="a">xvii p., 1 l., 124 p.</subfield>
            <subfield code="c">20 cm.</subfield>
        </datafield>
        <datafield tag="500" ind1=" " ind2=" ">
            <subfield code="a">Adaptations of the author's tales, "Because of the dollars" and "Tomorrow" respectively.</subfield>
        </datafield>
        <datafield tag="700" ind1="1" ind2=" ">
            <subfield code="a">Galsworthy, John,</subfield>
            <subfield code="d">1867-1933.</subfield>
        </datafield>
        <datafield tag="740" ind1="0" ind2=" ">
            <subfield code="a">One day more.</subfield>
        </datafield>
    </record>