
    <record>
        <leader>01140cam a22003131  4500</leader>
        <controlfield tag="001">7363686</controlfield>
        <controlfield tag="005">20090626131142.0</controlfield>
        <controlfield tag="008">780104s1936    xx            000 0 eng  </controlfield>
        <datafield tag="010" ind1=" " ind2=" ">
            <subfield code="a">   36010509 </subfield>
        </datafield>
        <datafield tag="082" ind1=" " ind2=" ">
            <subfield code="a">823.91</subfield>
        </datafield>
        <datafield tag="100" ind1="1" ind2=" ">
            <subfield code="a">Eaton, Harold Thomas,</subfield>
            <subfield code="d">1894-</subfield>
        </datafield>
        <datafield tag="245" ind1="1" ind2="0">
            <subfield code="a">Reading Galsworthy's "The Forsyte saga",</subfield>
            <subfield code="c">by Harold T. Eaton.</subfield>
        </datafield>
        <datafield tag="260" ind1=" " ind2=" ">
            <subfield code="a">New York,</subfield>
            <subfield code="a">Chicago [etc.]</subfield>
            <subfield code="b">C. Scribner's sons</subfield>
            <subfield code="c">[c1936]</subfield>
        </datafield>
        <datafield tag="300" ind1=" " ind2=" ">
            <subfield code="a">v, 50 p.</subfield>
            <subfield code="b">front. (port.)</subfield>
            <subfield code="c">20 cm.</subfield>
        </datafield>
        <datafield tag="500" ind1=" " ind2=" ">
            <subfield code="a">"Selections from recent C.E.B. examinations": p. 48-50.</subfield>
        </datafield>
        <datafield tag="500" ind1=" " ind2=" ">
            <subfield code="a">"Suggested supplementary reading": p. 46-47.</subfield>
        </datafield>
        <datafield tag="500" ind1=" " ind2=" ">
            <subfield code="a">"The works of John Galsworthy": p. iv-v.</subfield>
        </datafield>
        <datafield tag="600" ind1="1" ind2="0">
            <subfield code="a">Galsworthy, John,</subfield>
            <subfield code="d">1867-1933.</subfield>
            <subfield code="t">Forsyte saga.</subfield>
        </datafield>
        <datafield tag="740" ind1="0" ind2=" ">
            <subfield code="a">Forsyte saga.</subfield>
        </datafield>
    </record>