
    <record>
        <leader>00639cam a22002171i 4500</leader>
        <controlfield tag="001">6565880</controlfield>
        <controlfield tag="005">20050828172413.0</controlfield>
        <controlfield tag="008">780323s1962    nyu           000 1 eng  </controlfield>
        <datafield tag="010" ind1=" " ind2=" ">
            <subfield code="a">   62015755 </subfield>
        </datafield>
        <datafield tag="100" ind1="1" ind2=" ">
            <subfield code="a">Forsyte, Charles.</subfield>
        </datafield>
        <datafield tag="245" ind1="1" ind2="0">
            <subfield code="a">Dive into danger /</subfield>
            <subfield code="c">by Charles Forsyte.</subfield>
        </datafield>
        <datafield tag="260" ind1=" " ind2=" ">
            <subfield code="a">New York :</subfield>
            <subfield code="b">Morrow,</subfield>
            <subfield code="c">1962.</subfield>
        </datafield>
        <datafield tag="300" ind1=" " ind2=" ">
            <subfield code="a">223 p. ;</subfield>
            <subfield code="c">20 cm.</subfield>
        </datafield>
    </record>