
    <record>
        <leader>01169cam a22002771  4500</leader>
        <controlfield tag="001">9186970</controlfield>
        <controlfield tag="005">20190217105253.0</controlfield>
        <controlfield tag="007">cr_|||||||||||</controlfield>
        <controlfield tag="008">750430s1919    nyuc          000 0 eng  </controlfield>
        <datafield tag="010" ind1=" " ind2=" ">
            <subfield code="a">   19014340 </subfield>
        </datafield>
        <datafield tag="100" ind1="1" ind2=" ">
            <subfield code="a">Galsworthy, John,</subfield>
            <subfield code="d">1867-1933.</subfield>
        </datafield>
        <datafield tag="245" ind1="1" ind2="0">
            <subfield code="a">Addresses in America, 1919,</subfield>
            <subfield code="c">by John Galsworthy.</subfield>
        </datafield>
        <datafield tag="260" ind1=" " ind2=" ">
            <subfield code="a">New York,</subfield>
            <subfield code="b">C. Scribner's Sons,</subfield>
            <subfield code="c">1919.</subfield>
        </datafield>
        <datafield tag="300" ind1=" " ind2=" ">
            <subfield code="a">4 p. l., 109 p.</subfield>
            <subfield code="b">front. (port.)</subfield>
            <subfield code="c">19 cm.</subfield>
        </datafield>
        <datafield tag="505" ind1="0" ind2=" ">
            <subfield code="a">I. At the Lowell centenary.--II. American and Briton.--III. From a speech at the Lotus Club, New York.--IV. From a speech to the Society of Arts and Sciences, New York.--V. Address at Columbia University.--VI. To the League of Political Education, New York.--VII. Talking at large.</subfield>
        </datafield>
        <datafield tag="530" ind1=" " ind2=" ">
            <subfield code="a">Also available in digital form.</subfield>
        </datafield>
    </record>