
    <record>
        <leader>00600cam a2200193u  4500</leader>
        <controlfield tag="001">9209715</controlfield>
        <controlfield tag="005">20080619163735.0</controlfield>
        <controlfield tag="008">810310s1927    gw            000 0 ger  </controlfield>
        <datafield tag="010" ind1=" " ind2=" ">
            <subfield code="a">   28018720 </subfield>
        </datafield>
        <datafield tag="100" ind1="1" ind2=" ">
            <subfield code="a">Galsworthy, John,</subfield>
            <subfield code="d">1867-1933.</subfield>
        </datafield>
        <datafield tag="245" ind1="1" ind2="0">
            <subfield code="a">Aneinander vorbei, novelle;</subfield>
        </datafield>
        <datafield tag="260" ind1=" " ind2=" ">
            <subfield code="a">Berlin [etc.]</subfield>
            <subfield code="b">P. Zsolnay,</subfield>
            <subfield code="c">1927.</subfield>
        </datafield>
        <datafield tag="300" ind1=" " ind2=" ">
            <subfield code="a">p. cm.</subfield>
        </datafield>
        <datafield tag="700" ind1="1" ind2=" ">
            <subfield code="a">Schalit, Leon,</subfield>
            <subfield code="d">1884- [from old catalog]</subfield>
            <subfield code="e">tr.</subfield>
        </datafield>
    </record>