
    <record>
        <leader>00829nam a22002051  4500</leader>
        <controlfield tag="001">1268266</controlfield>
        <controlfield tag="005">19710311000000.0</controlfield>
        <controlfield tag="008">710301s1919    enk           000 0 eng  </controlfield>
        <datafield tag="010" ind1=" " ind2=" ">
            <subfield code="a">   74239494 </subfield>
        </datafield>
        <datafield tag="082" ind1="0" ind2="0">
            <subfield code="a">823/.9/12</subfield>
        </datafield>
        <datafield tag="100" ind1="1" ind2=" ">
            <subfield code="a">Galsworthy, John,</subfield>
            <subfield code="d">1867-1933.</subfield>
        </datafield>
        <datafield tag="245" ind1="1" ind2="0">
            <subfield code="a">Another sheaf.</subfield>
        </datafield>
        <datafield tag="260" ind1=" " ind2=" ">
            <subfield code="a">London,</subfield>
            <subfield code="b">Heinemann</subfield>
            <subfield code="c">[1919]</subfield>
        </datafield>
        <datafield tag="300" ind1=" " ind2=" ">
            <subfield code="a">262 p.</subfield>
            <subfield code="c">20 cm.</subfield>
        </datafield>
        <datafield tag="505" ind1="0" ind2=" ">
            <subfield code="a">The road.--The sacred work.--Balance sheet of the soldier workman.--The jewel fund.--Impressions of France, 1916-17.--Englishman and Russian.--American and Briton.--The drama in England and America.--Speculations.--The land, 1917.--The land, 1918.--Grotesques.</subfield>
        </datafield>
    </record>