
    <record>
        <leader>00956cam a22002291  4500</leader>
        <controlfield tag="001">7780818</controlfield>
        <controlfield tag="005">20141020085636.0</controlfield>
        <controlfield tag="008">750514s1919    xx            000 0 eng  </controlfield>
        <datafield tag="010" ind1=" " ind2=" ">
            <subfield code="a">   19001961 </subfield>
        </datafield>
        <datafield tag="100" ind1="1" ind2=" ">
            <subfield code="a">Galsworthy, John</subfield>
            <subfield code="d">1867-1933.</subfield>
        </datafield>
        <datafield tag="245" ind1="1" ind2="0">
            <subfield code="a">Another sheaf,</subfield>
            <subfield code="c">by John Galsworthy.</subfield>
        </datafield>
        <datafield tag="260" ind1=" " ind2=" ">
            <subfield code="a">New York,</subfield>
            <subfield code="b">C. Scribner's sons,</subfield>
            <subfield code="c">[c1919]</subfield>
        </datafield>
        <datafield tag="300" ind1=" " ind2=" ">
            <subfield code="a">4 p.l., 336 p.</subfield>
            <subfield code="c">19 cm.</subfield>
        </datafield>
        <datafield tag="505" ind1="0" ind2=" ">
            <subfield code="a">The road.--The sacred work.--Balance sheet of the soldier workman.--The children's jewel fund.--France, 1916-1917--an impression.--Englishman and Russian.--American and Briton.--Anglo-American drama and its future.--Speculations.--The land, 1917.--The land, 1918.--Grotesques.</subfield>
        </datafield>
    </record>