
    <record>
        <leader>00672cam a22002171  4500</leader>
        <controlfield tag="001">7053269</controlfield>
        <controlfield tag="005">20041216183938.0</controlfield>
        <controlfield tag="008">720726s1965    xx            000 0 eng  </controlfield>
        <datafield tag="010" ind1=" " ind2=" ">
            <subfield code="a">   65000814 </subfield>
        </datafield>
        <datafield tag="100" ind1="1" ind2=" ">
            <subfield code="a">Galsworthy, John,</subfield>
            <subfield code="d">1867-1933.</subfield>
        </datafield>
        <datafield tag="245" ind1="1" ind2="4">
            <subfield code="a">The apple tree &amp; other tales.</subfield>
        </datafield>
        <datafield tag="260" ind1=" " ind2=" ">
            <subfield code="a">New York,</subfield>
            <subfield code="b">Scribner</subfield>
            <subfield code="c">[1965, c1918]</subfield>
        </datafield>
        <datafield tag="300" ind1=" " ind2=" ">
            <subfield code="a">380 p.</subfield>
        </datafield>
        <datafield tag="490" ind1="0" ind2=" ">
            <subfield code="a">Scribner library books,</subfield>
            <subfield code="v">SL103</subfield>
        </datafield>
    </record>