
    <record>
        <leader>00975cam a22002891  4500</leader>
        <controlfield tag="001">6423446</controlfield>
        <controlfield tag="005">20200115141835.0</controlfield>
        <controlfield tag="008">770316s1934    nyu           000 1 eng  </controlfield>
        <datafield tag="010" ind1=" " ind2=" ">
            <subfield code="a">   35012365 </subfield>
        </datafield>
        <datafield tag="082" ind1=" " ind2=" ">
            <subfield code="a">823.91</subfield>
        </datafield>
        <datafield tag="100" ind1="1" ind2=" ">
            <subfield code="a">Galsworthy, John,</subfield>
            <subfield code="d">1867-1933.</subfield>
        </datafield>
        <datafield tag="245" ind1="1" ind2="4">
            <subfield code="a">The apple tree /</subfield>
            <subfield code="c">by John Galsworthy.</subfield>
        </datafield>
        <datafield tag="260" ind1=" " ind2=" ">
            <subfield code="a">New York :</subfield>
            <subfield code="b">C. Scribner's Sons,</subfield>
            <subfield code="c">1934.</subfield>
        </datafield>
        <datafield tag="300" ind1=" " ind2=" ">
            <subfield code="a">5 p. l., 9-91 p., 1 l. ;</subfield>
            <subfield code="c">22 cm.</subfield>
        </datafield>
        <datafield tag="710" ind1="2" ind2=" ">
            <subfield code="a">Rouben Mamoulian Collection (Library of Congress)</subfield>
            <subfield code="5">DLC</subfield>
        </datafield>
    </record>