
    <record>
        <leader>00666cam a2200205u  4500</leader>
        <controlfield tag="001">8804499</controlfield>
        <controlfield tag="005">20141030144535.0</controlfield>
        <controlfield tag="008">810317s1922    sw            000 0 swe  </controlfield>
        <datafield tag="010" ind1=" " ind2=" ">
            <subfield code="a">   44051996 </subfield>
        </datafield>
        <datafield tag="100" ind1="1" ind2=" ">
            <subfield code="a">Galsworthy, John,</subfield>
            <subfield code="d">1867-1933.</subfield>
        </datafield>
        <datafield tag="240" ind1="1" ind2="0">
            <subfield code="a">The patrician. Swedish [from old catalog]</subfield>
        </datafield>
        <datafield tag="245" ind1="1" ind2="0">
            <subfield code="a">Aristokrater, roman.</subfield>
        </datafield>
        <datafield tag="260" ind1=" " ind2=" ">
            <subfield code="a">Stockholm,</subfield>
            <subfield code="b">Svenska andelsförlaget</subfield>
            <subfield code="c">[1922]</subfield>
        </datafield>
        <datafield tag="300" ind1=" " ind2=" ">
            <subfield code="a">404 p.</subfield>
            <subfield code="c">20 cm.</subfield>
        </datafield>
        <datafield tag="700" ind1="2" ind2=" ">
            <subfield code="a">Byström-Lindhagen, Agnes, [from old catalog]</subfield>
            <subfield code="e">tr.</subfield>
        </datafield>
    </record>