
    <record>
        <leader>00901cam a22002891  4500</leader>
        <controlfield tag="001">6477347</controlfield>
        <controlfield tag="005">20200115142551.0</controlfield>
        <controlfield tag="008">760224s1921    enk           000 0 eng  </controlfield>
        <datafield tag="010" ind1=" " ind2=" ">
            <subfield code="a">   47042895 </subfield>
        </datafield>
        <datafield tag="100" ind1="1" ind2=" ">
            <subfield code="a">Galsworthy, John,</subfield>
            <subfield code="d">1867-1933.</subfield>
        </datafield>
        <datafield tag="245" ind1="1" ind2="4">
            <subfield code="a">The bells of peace.</subfield>
        </datafield>
        <datafield tag="250" ind1=" " ind2=" ">
            <subfield code="a">First ed. /</subfield>
            <subfield code="b">cf. G. H. Fabes. John Galsworthy, his first edition.</subfield>
        </datafield>
        <datafield tag="260" ind1=" " ind2=" ">
            <subfield code="a">Cambridge [Eng.] :</subfield>
            <subfield code="b">W. Heffer,</subfield>
            <subfield code="c">1921.</subfield>
        </datafield>
        <datafield tag="300" ind1=" " ind2=" ">
            <subfield code="a">[4] p. ;</subfield>
            <subfield code="c">22 cm.</subfield>
        </datafield>
        <datafield tag="500" ind1=" " ind2=" ">
            <subfield code="a">Cover title.</subfield>
        </datafield>
        <datafield tag="500" ind1=" " ind2=" ">
            <subfield code="a">In verse.</subfield>
        </datafield>
    </record>