
    <record>
        <leader>00634nam a2200229   4500</leader>
        <controlfield tag="001">3662798</controlfield>
        <controlfield tag="005">19710205000000.0</controlfield>
        <controlfield tag="008">701102s1970    enk           000 1 eng  </controlfield>
        <datafield tag="010" ind1=" " ind2=" ">
            <subfield code="a">   76506320 </subfield>
        </datafield>
        <datafield tag="020" ind1=" " ind2=" ">
            <subfield code="a">0434281131</subfield>
        </datafield>
        <datafield tag="082" ind1="0" ind2="0">
            <subfield code="a">823/.9/12</subfield>
        </datafield>
        <datafield tag="100" ind1="1" ind2=" ">
            <subfield code="a">Galsworthy, John,</subfield>
            <subfield code="d">1867-1933.</subfield>
        </datafield>
        <datafield tag="245" ind1="1" ind2="0">
            <subfield code="a">Beyond.</subfield>
        </datafield>
        <datafield tag="260" ind1=" " ind2=" ">
            <subfield code="a">London,</subfield>
            <subfield code="b">Heinemann,</subfield>
            <subfield code="c">1970.</subfield>
        </datafield>
        <datafield tag="300" ind1=" " ind2=" ">
            <subfield code="a">[5], 243 p.</subfield>
            <subfield code="c">21 cm.</subfield>
        </datafield>
        <datafield tag="350" ind1=" " ind2=" ">
            <subfield code="a">35/-</subfield>
        </datafield>
    </record>