
    <record>
        <leader>00695nam a2200217   4500</leader>
        <controlfield tag="001">2697198</controlfield>
        <controlfield tag="005">19710111000000.0</controlfield>
        <controlfield tag="008">700922s1970    enkac         000 1 eng  </controlfield>
        <datafield tag="010" ind1=" " ind2=" ">
            <subfield code="a">   75484027 </subfield>
        </datafield>
        <datafield tag="082" ind1="0" ind2="0">
            <subfield code="a">823/.9/12</subfield>
        </datafield>
        <datafield tag="100" ind1="1" ind2=" ">
            <subfield code="a">Galsworthy, John,</subfield>
            <subfield code="d">1867-1933.</subfield>
        </datafield>
        <datafield tag="245" ind1="1" ind2="0">
            <subfield code="a">Beyond; a narrative.</subfield>
            <subfield code="c">Original illus. by Patricia Ludlow.</subfield>
        </datafield>
        <datafield tag="260" ind1=" " ind2=" ">
            <subfield code="a">[London]</subfield>
            <subfield code="b">Distributed by Heron Books</subfield>
            <subfield code="c">[1970]</subfield>
        </datafield>
        <datafield tag="300" ind1=" " ind2=" ">
            <subfield code="a">366 p.</subfield>
            <subfield code="b">illus., port.</subfield>
            <subfield code="c">20 cm.</subfield>
        </datafield>
        <datafield tag="490" ind1="0" ind2=" ">
            <subfield code="a">His Collected works</subfield>
        </datafield>
    </record>