
    <record>
        <leader>01637cam a2200361   4500</leader>
        <controlfield tag="001">10118858</controlfield>
        <controlfield tag="005">20220708205907.0</controlfield>
        <controlfield tag="008">810429s1917    nyu           000 0 eng  </controlfield>
        <datafield tag="010" ind1=" " ind2=" ">
            <subfield code="a">   17022092 </subfield>
        </datafield>
        <datafield tag="051" ind1=" " ind2=" ">
            <subfield code="a">PR6013.A5</subfield>
            <subfield code="b">B4 1917 Copy 2</subfield>
            <subfield code="c">Another copy. Written in ink on front free endpaper: Edith G. Rosenwald 1917. Label on verso of final free endpaper: Mrs. L.J. Rosenwald, Old York Road, Abington, Pa. Bequest of Edith G. Rosenwald, Jan. 23, 1989.</subfield>
        </datafield>
        <datafield tag="051" ind1=" " ind2=" ">
            <subfield code="a">PR6013.A5</subfield>
            <subfield code="b">B4 1917</subfield>
            <subfield code="c">Another copy. Copyright deposit (470914) Aug 29, 1917.</subfield>
        </datafield>
        <datafield tag="100" ind1="1" ind2=" ">
            <subfield code="a">Galsworthy, John,</subfield>
            <subfield code="d">1867-1933.</subfield>
        </datafield>
        <datafield tag="245" ind1="1" ind2="0">
            <subfield code="a">Beyond /</subfield>
            <subfield code="c">by John Galsworthy ...</subfield>
        </datafield>
        <datafield tag="260" ind1=" " ind2=" ">
            <subfield code="a">New York :</subfield>
            <subfield code="b">C. Scribner's Sons,</subfield>
            <subfield code="c">1917.</subfield>
        </datafield>
        <datafield tag="300" ind1=" " ind2=" ">
            <subfield code="a">4 p. l., 3-499 p. ;</subfield>
            <subfield code="c">20 cm.</subfield>
        </datafield>
        <datafield tag="700" ind1="1" ind2=" ">
            <subfield code="a">Rosenwald, Edith Goodkind,</subfield>
            <subfield code="e">donor.</subfield>
            <subfield code="5">DLC</subfield>
        </datafield>
        <datafield tag="710" ind1="2" ind2=" ">
            <subfield code="a">Lessing J. Rosenwald Collection (Library of Congress)</subfield>
            <subfield code="5">DLC</subfield>
        </datafield>
        <datafield tag="710" ind1="2" ind2=" ">
            <subfield code="a">Rouben Mamoulian Collection (Library of Congress)</subfield>
            <subfield code="5">DLC</subfield>
        </datafield>
    </record>