
    <record>
        <leader>00694cam a2200205u  4500</leader>
        <controlfield tag="001">7357461</controlfield>
        <controlfield tag="005">20050811095257.0</controlfield>
        <controlfield tag="008">810611s1934    gw            000 0 ger  </controlfield>
        <datafield tag="010" ind1=" " ind2=" ">
            <subfield code="a">   34029369 </subfield>
        </datafield>
        <datafield tag="100" ind1="1" ind2=" ">
            <subfield code="a">Galsworthy, John,</subfield>
            <subfield code="d">1867-1933.</subfield>
        </datafield>
        <datafield tag="240" ind1="1" ind2="0">
            <subfield code="a">The skin game. German [from old catalog]</subfield>
        </datafield>
        <datafield tag="245" ind1="1" ind2="0">
            <subfield code="a">Bis aufs messer (The skin game) tragikomödie in drei akten,</subfield>
        </datafield>
        <datafield tag="260" ind1=" " ind2=" ">
            <subfield code="a">Berlin [etc.]</subfield>
            <subfield code="b">P. Zsolnay,</subfield>
            <subfield code="c">1934.</subfield>
        </datafield>
        <datafield tag="300" ind1=" " ind2=" ">
            <subfield code="a">131, [1] p.</subfield>
            <subfield code="c">19 cm.</subfield>
        </datafield>
        <datafield tag="700" ind1="1" ind2=" ">
            <subfield code="a">Schalit, Leon,</subfield>
            <subfield code="d">1884- [from old catalog]</subfield>
            <subfield code="e">tr.</subfield>
        </datafield>
    </record>