
    <record>
        <leader>01055cam a2200277 a 4500</leader>
        <controlfield tag="001">4232527</controlfield>
        <controlfield tag="005">20200115143638.0</controlfield>
        <controlfield tag="008">830928s1915    enk           000 0 eng  </controlfield>
        <datafield tag="010" ind1=" " ind2=" ">
            <subfield code="a">   82180353 </subfield>
        </datafield>
        <datafield tag="082" ind1="0" ind2="0">
            <subfield code="a">822/.912</subfield>
            <subfield code="2">19</subfield>
        </datafield>
        <datafield tag="100" ind1="1" ind2=" ">
            <subfield code="a">Galsworthy, John,</subfield>
            <subfield code="d">1867-1933.</subfield>
        </datafield>
        <datafield tag="245" ind1="1" ind2="2">
            <subfield code="a">A bit o' love :</subfield>
            <subfield code="b">a play in three acts /</subfield>
            <subfield code="c">by John Galsworthy.</subfield>
        </datafield>
        <datafield tag="260" ind1=" " ind2=" ">
            <subfield code="a">London :</subfield>
            <subfield code="b">Duckworth,</subfield>
            <subfield code="c">1915.</subfield>
        </datafield>
        <datafield tag="300" ind1=" " ind2=" ">
            <subfield code="a">84 p. ;</subfield>
            <subfield code="c">18 cm.</subfield>
        </datafield>
        <datafield tag="500" ind1=" " ind2=" ">
            <subfield code="a">First published ed. An earlier state, printed in 1915 with title The full moon, was suppressed. Cf. Marrot.</subfield>
        </datafield>
        <datafield tag="500" ind1=" " ind2=" ">
            <subfield code="a">In original green buckram with black lettering. Fabes does not know of this binding.</subfield>
        </datafield>
        <datafield tag="510" ind1="4" ind2=" ">
            <subfield code="a">Fabes, G.H.  Galsworthy,</subfield>
            <subfield code="c">p. 1</subfield>
        </datafield>
        <datafield tag="510" ind1="4" ind2=" ">
            <subfield code="a">Marrot, H.V.  Galsworthy,</subfield>
            <subfield code="c">p. 72-73</subfield>
        </datafield>
    </record>