
    <record>
        <leader>00863cam a22002651  4500</leader>
        <controlfield tag="001">6366114</controlfield>
        <controlfield tag="005">20190111100807.0</controlfield>
        <controlfield tag="007">cr_|||||||||||</controlfield>
        <controlfield tag="008">820303s1915    nyu           000 0 eng  </controlfield>
        <datafield tag="010" ind1=" " ind2=" ">
            <subfield code="a">   15013235 </subfield>
        </datafield>
        <datafield tag="100" ind1="1" ind2=" ">
            <subfield code="a">Galsworthy, John,</subfield>
            <subfield code="d">1867-1933.</subfield>
        </datafield>
        <datafield tag="245" ind1="1" ind2="2">
            <subfield code="a">A bit o' love;</subfield>
            <subfield code="b">a play in three acts,</subfield>
            <subfield code="c">by John Galsworthy.</subfield>
        </datafield>
        <datafield tag="260" ind1=" " ind2=" ">
            <subfield code="a">New York,</subfield>
            <subfield code="b">C. Scribner's Sons,</subfield>
            <subfield code="c">1915.</subfield>
        </datafield>
        <datafield tag="300" ind1=" " ind2=" ">
            <subfield code="a">84 p.</subfield>
            <subfield code="c">19 cm.</subfield>
        </datafield>
        <datafield tag="530" ind1=" " ind2=" ">
            <subfield code="a">Also available in digital form.</subfield>
        </datafield>
    </record>