
    <record>
        <leader>00648cam a2200205u  4500</leader>
        <controlfield tag="001">6463281</controlfield>
        <controlfield tag="005">20000203161453.0</controlfield>
        <controlfield tag="008">810623s1922    sw            000 0 swe  </controlfield>
        <datafield tag="010" ind1=" " ind2=" ">
            <subfield code="a">   44051995 </subfield>
        </datafield>
        <datafield tag="100" ind1="1" ind2=" ">
            <subfield code="a">Galsworthy, John,</subfield>
            <subfield code="d">1867-1933.</subfield>
        </datafield>
        <datafield tag="240" ind1="1" ind2="0">
            <subfield code="a">In chancery. Swedish [from old catalog]</subfield>
        </datafield>
        <datafield tag="245" ind1="1" ind2="0">
            <subfield code="a">Bojor,</subfield>
            <subfield code="b">roman ...</subfield>
        </datafield>
        <datafield tag="260" ind1=" " ind2=" ">
            <subfield code="a">Stockholm,</subfield>
            <subfield code="b">Svenska andelsförlaget</subfield>
            <subfield code="c">[1922]</subfield>
        </datafield>
        <datafield tag="300" ind1=" " ind2=" ">
            <subfield code="a">412 p.</subfield>
            <subfield code="c">19 cm.</subfield>
        </datafield>
        <datafield tag="700" ind1="1" ind2=" ">
            <subfield code="a">Johnson, Arne, [from old catalog]</subfield>
            <subfield code="e">tr.</subfield>
        </datafield>
    </record>