
    <record>
        <leader>02855cam a22004817i 4500</leader>
        <controlfield tag="001">15848478</controlfield>
        <controlfield tag="005">20161025143329.0</controlfield>
        <controlfield tag="008">090803s1918    ru a          000 d ruso </controlfield>
        <datafield tag="010" ind1=" " ind2=" ">
            <subfield code="a">  2016657256</subfield>
            <subfield code="z">ltf89008899 </subfield>
        </datafield>
        <datafield tag="041" ind1="1" ind2=" ">
            <subfield code="a">rus</subfield>
            <subfield code="h">eng</subfield>
        </datafield>
        <datafield tag="043" ind1=" " ind2=" ">
            <subfield code="a">e-ur---</subfield>
        </datafield>
        <datafield tag="066" ind1=" " ind2=" ">
            <subfield code="c">(N</subfield>
            <subfield code="c">(Q</subfield>
        </datafield>
        <datafield tag="100" ind1="1" ind2=" ">
            <subfield code="a">Galsworthy, John,</subfield>
            <subfield code="d">1867-1933,</subfield>
            <subfield code="e">author.</subfield>
        </datafield>
        <datafield tag="240" ind1="1" ind2="0">
            <subfield code="a">Strife.</subfield>
            <subfield code="l">Russian</subfield>
        </datafield>
        <datafield tag="245" ind1="1" ind2="0">
            <subfield code="6">880-03</subfield>
            <subfield code="a">Borʹba :</subfield>
            <subfield code="b">sot︠s︡īalʹnai︠a︡ drama v 3 aktakh i 4 kartinakh /</subfield>
            <subfield code="c">Dzhon Gelʹzuortsi ; perevod L. Pokrovskoĭ ; ėskizy dekorat︠s︡īĭ i risunok oblozhki raboty khudozhnika Vas. Iv. Denisova.</subfield>
        </datafield>
        <datafield tag="264" ind1=" " ind2="1">
            <subfield code="6">880-04</subfield>
            <subfield code="a">Moskva :</subfield>
            <subfield code="b">Knigoizdatelʹstvo Dennit︠s︡a,</subfield>
            <subfield code="c">MCMXVIII [1918].</subfield>
        </datafield>
        <datafield tag="264" ind1=" " ind2="3">
            <subfield code="6">880-05</subfield>
            <subfield code="a">Moskva :</subfield>
            <subfield code="b">Tovarishchestvo tipografīi A.I. Mamontova, Arbatskai︠a︡ pl., Filippovskīĭ per., domʺ 11,</subfield>
            <subfield code="c">1918.</subfield>
        </datafield>
        <datafield tag="300" ind1=" " ind2=" ">
            <subfield code="a">76 pages :</subfield>
            <subfield code="b">illustrations (4 mounted color stage designs (zincographs)) ;</subfield>
            <subfield code="c">35 cm</subfield>
        </datafield>
        <datafield tag="336" ind1=" " ind2=" ">
            <subfield code="a">text</subfield>
            <subfield code="b">txt</subfield>
            <subfield code="2">rdacontent</subfield>
        </datafield>
        <datafield tag="337" ind1=" " ind2=" ">
            <subfield code="a">unmediated</subfield>
            <subfield code="b">n</subfield>
            <subfield code="2">rdamedia</subfield>
        </datafield>
        <datafield tag="338" ind1=" " ind2=" ">
            <subfield code="a">volume</subfield>
            <subfield code="b">nc</subfield>
            <subfield code="2">rdacarrier</subfield>
        </datafield>
        <datafield tag="500" ind1=" " ind2=" ">
            <subfield code="6">880-06</subfield>
            <subfield code="a">"Klishe ispolneno t︠s︡inkografīeĭ 'GRAFICHESKOE ISKUSSTVO'."</subfield>
        </datafield>
        <datafield tag="500" ind1=" " ind2=" ">
            <subfield code="a">LC copy has original illustrated paper covers bound in. Acquired by transfer, November 1929.</subfield>
            <subfield code="5">DLC</subfield>
        </datafield>
        <datafield tag="600" ind1="1" ind2="0">
            <subfield code="a">Galsworthy, John,</subfield>
            <subfield code="d">1867-1933</subfield>
            <subfield code="x">Translations into Russian.</subfield>
        </datafield>
        <datafield tag="700" ind1="1" ind2=" ">
            <subfield code="6">880-08</subfield>
            <subfield code="a">Pokrovskai︠a︡, L.,</subfield>
            <subfield code="e">translator.</subfield>
        </datafield>
        <datafield tag="700" ind1="1" ind2=" ">
            <subfield code="6">880-09</subfield>
            <subfield code="a">Denisov, Vasiliĭ Ivanovich,</subfield>
            <subfield code="d">1862-1922,</subfield>
            <subfield code="e">illustrator.</subfield>
        </datafield>
    </record>