
    <record>
        <leader>00698cam a2200217u  4500</leader>
        <controlfield tag="001">8336561</controlfield>
        <controlfield tag="005">20000203162026.0</controlfield>
        <controlfield tag="008">810623s1920    sw            000 0 swe  </controlfield>
        <datafield tag="010" ind1=" " ind2=" ">
            <subfield code="a">   44051997 </subfield>
        </datafield>
        <datafield tag="100" ind1="1" ind2=" ">
            <subfield code="a">Galsworthy, John , 1867-1933.</subfield>
        </datafield>
        <datafield tag="240" ind1="1" ind2="0">
            <subfield code="a">Fraternity. Swedish [from old catalog]</subfield>
        </datafield>
        <datafield tag="245" ind1="1" ind2="0">
            <subfield code="a">Broderskap, roman.</subfield>
        </datafield>
        <datafield tag="250" ind1=" " ind2=" ">
            <subfield code="a">4. uppl.</subfield>
        </datafield>
        <datafield tag="260" ind1=" " ind2=" ">
            <subfield code="a">Stockholm,</subfield>
            <subfield code="b">Svenska adelsförlaget</subfield>
            <subfield code="c">[1920]</subfield>
        </datafield>
        <datafield tag="300" ind1=" " ind2=" ">
            <subfield code="a">412 p.</subfield>
            <subfield code="c">19 cm.</subfield>
        </datafield>
        <datafield tag="700" ind1="1" ind2=" ">
            <subfield code="a">*Österling, Anders,</subfield>
            <subfield code="d">1884- [from old catalog]</subfield>
            <subfield code="e">tr.</subfield>
        </datafield>
    </record>