
    <record>
        <leader>00997cam a22002771  4500</leader>
        <controlfield tag="001">7790628</controlfield>
        <controlfield tag="005">20200115154128.0</controlfield>
        <controlfield tag="008">760217s1923    nyu           000 1 eng  </controlfield>
        <datafield tag="010" ind1=" " ind2=" ">
            <subfield code="a">   23007201 </subfield>
        </datafield>
        <datafield tag="051" ind1=" " ind2=" ">
            <subfield code="a">PR6013.A5</subfield>
            <subfield code="b">B8 1923</subfield>
        </datafield>
        <datafield tag="100" ind1="1" ind2=" ">
            <subfield code="a">Galsworthy, John,</subfield>
            <subfield code="d">1867-1933.</subfield>
        </datafield>
        <datafield tag="245" ind1="1" ind2="4">
            <subfield code="a">The burning spear :</subfield>
            <subfield code="b">being the experiences of Mr. John Lavender in time of war /</subfield>
            <subfield code="c">by John Galsworthy.</subfield>
        </datafield>
        <datafield tag="260" ind1=" " ind2=" ">
            <subfield code="a">New York :</subfield>
            <subfield code="b">C. Scribner's Sons,</subfield>
            <subfield code="c">1923.</subfield>
        </datafield>
        <datafield tag="300" ind1=" " ind2=" ">
            <subfield code="a">xii p., 251 p. ;</subfield>
            <subfield code="c">18 cm.</subfield>
        </datafield>
        <datafield tag="500" ind1=" " ind2=" ">
            <subfield code="a">Published anonymously in Great Britain in 1919. cf. Foreword.</subfield>
        </datafield>
    </record>