
    <record>
        <leader>00766cam a22002291  4500</leader>
        <controlfield tag="001">9223195</controlfield>
        <controlfield tag="005">20050607183331.0</controlfield>
        <controlfield tag="008">761210s1932    enk           000 0 eng  </controlfield>
        <datafield tag="010" ind1=" " ind2=" ">
            <subfield code="a">   32029240 </subfield>
        </datafield>
        <datafield tag="100" ind1="1" ind2=" ">
            <subfield code="a">Galsworthy, John,</subfield>
            <subfield code="d">1867-1933.</subfield>
        </datafield>
        <datafield tag="245" ind1="1" ind2="0">
            <subfield code="a">Candelabra,</subfield>
            <subfield code="b">selected essays and addresses,</subfield>
            <subfield code="c">by John Galsworthy.</subfield>
        </datafield>
        <datafield tag="260" ind1=" " ind2=" ">
            <subfield code="a">London,</subfield>
            <subfield code="b">W. Heinemann, ltd.,</subfield>
            <subfield code="c">[1932].</subfield>
        </datafield>
        <datafield tag="300" ind1=" " ind2=" ">
            <subfield code="a">278 p.</subfield>
            <subfield code="c">17 cm.</subfield>
        </datafield>
        <datafield tag="490" ind1="0" ind2=" ">
            <subfield code="a">The works of John Gaslworthy. Grove edition.</subfield>
            <subfield code="v">v. 23</subfield>
        </datafield>
    </record>