
    <record>
        <leader>01402nam a22003497a 4500</leader>
        <controlfield tag="001">11870424</controlfield>
        <controlfield tag="005">19991216230245.0</controlfield>
        <controlfield tag="007">hduafb---bacp</controlfield>
        <controlfield tag="007">hdubfb---baap</controlfield>
        <controlfield tag="008">990602s19uu    pk      a     000 0 pan  </controlfield>
        <datafield tag="010" ind1=" " ind2=" ">
            <subfield code="a">   99942417 </subfield>
        </datafield>
        <datafield tag="025" ind1=" " ind2=" ">
            <subfield code="a">NBIL-35760</subfield>
        </datafield>
        <datafield tag="041" ind1="1" ind2=" ">
            <subfield code="a">pan</subfield>
            <subfield code="h">eng</subfield>
        </datafield>
        <datafield tag="100" ind1="1" ind2=" ">
            <subfield code="a">Galsworthy, John,</subfield>
            <subfield code="d">1867-1933.</subfield>
        </datafield>
        <datafield tag="240" ind1="1" ind2="0">
            <subfield code="a">Silver box.</subfield>
            <subfield code="l">Panjabi</subfield>
        </datafield>
        <datafield tag="245" ind1="1" ind2="0">
            <subfield code="a">Cāndī dā ḍabbā</subfield>
            <subfield code="h">[microform] :</subfield>
            <subfield code="b">jisadā asala Gālazawaradī dā Silawara baukasa hai /</subfield>
            <subfield code="c">[anuwādaka] Guradiala Siṅgha Khosalā.</subfield>
        </datafield>
        <datafield tag="260" ind1=" " ind2=" ">
            <subfield code="a">Lāhaura :</subfield>
            <subfield code="b">Gulāba Canda Kapūra aiṇḍa Sanaza,</subfield>
            <subfield code="c">[19--]</subfield>
        </datafield>
        <datafield tag="300" ind1=" " ind2=" ">
            <subfield code="a">iv, 183 p. ;</subfield>
            <subfield code="c">19 cm.</subfield>
        </datafield>
        <datafield tag="500" ind1=" " ind2=" ">
            <subfield code="a">Play.</subfield>
        </datafield>
        <datafield tag="546" ind1=" " ind2=" ">
            <subfield code="a">In Panjabi.</subfield>
        </datafield>
        <datafield tag="700" ind1="1" ind2=" ">
            <subfield code="a">Khosla, G. S.</subfield>
            <subfield code="q">(Gurdial Singh),</subfield>
            <subfield code="d">1912-</subfield>
        </datafield>
        <datafield tag="830" ind1=" " ind2="0">
            <subfield code="a">SAMP early 20th-century Indian books project ;</subfield>
            <subfield code="v">item 35760.</subfield>
        </datafield>
    </record>