
    <record>
        <leader>00550cam a2200181u  4500</leader>
        <controlfield tag="001">9196141</controlfield>
        <controlfield tag="005">20150914172845.0</controlfield>
        <controlfield tag="008">810903s1923    nyu           000 0 eng  </controlfield>
        <datafield tag="010" ind1=" " ind2=" ">
            <subfield code="a">   23012430 </subfield>
        </datafield>
        <datafield tag="100" ind1="1" ind2=" ">
            <subfield code="a">Galsworthy, John,</subfield>
            <subfield code="d">1867-1933.</subfield>
        </datafield>
        <datafield tag="245" ind1="1" ind2="0">
            <subfield code="a">Captures,</subfield>
        </datafield>
        <datafield tag="260" ind1=" " ind2=" ">
            <subfield code="a">New York,</subfield>
            <subfield code="b">C. Scribner's sons,</subfield>
            <subfield code="c">1923.</subfield>
        </datafield>
        <datafield tag="300" ind1=" " ind2=" ">
            <subfield code="a">4 p.l., 305 p.</subfield>
            <subfield code="c">20 cm.</subfield>
        </datafield>
    </record>