
    <record>
        <leader>00972cam a2200241   4500</leader>
        <controlfield tag="001">3130791</controlfield>
        <controlfield tag="005">19941108135211.3</controlfield>
        <controlfield tag="008">710115r19701923miu           000 0 eng  </controlfield>
        <datafield tag="010" ind1=" " ind2=" ">
            <subfield code="a">   71145026 </subfield>
        </datafield>
        <datafield tag="020" ind1=" " ind2=" ">
            <subfield code="a">0403009731</subfield>
        </datafield>
        <datafield tag="082" ind1="0" ind2="0">
            <subfield code="a">823/.9/12</subfield>
        </datafield>
        <datafield tag="100" ind1="1" ind2=" ">
            <subfield code="a">Galsworthy, John,</subfield>
            <subfield code="d">1867-1933.</subfield>
        </datafield>
        <datafield tag="240" ind1="1" ind2="0">
            <subfield code="a">Selected works</subfield>
        </datafield>
        <datafield tag="245" ind1="1" ind2="0">
            <subfield code="a">Captures.</subfield>
            <subfield code="c">New York, Scribner, 1923.</subfield>
        </datafield>
        <datafield tag="260" ind1=" " ind2=" ">
            <subfield code="a">St. Clair Shores, Mich.,</subfield>
            <subfield code="b">Scholarly Press,</subfield>
            <subfield code="c">1970.</subfield>
        </datafield>
        <datafield tag="300" ind1=" " ind2=" ">
            <subfield code="a">305 p.</subfield>
            <subfield code="c">22 cm.</subfield>
        </datafield>
        <datafield tag="505" ind1="0" ind2=" ">
            <subfield code="a">A feud.--The man who kept his form.--A hedonist.--Timber.--Santa Lucia.--Blackmail.--The broken boot.--Stroke of lighting.--Virtue.--Conscience.--Salta pro nobis.--Philanthropy.--A long-ago affair.--Acme.--Late-299.--Had a horse.</subfield>
        </datafield>
    </record>