
    <record>
        <leader>00644cam a2200205u  4500</leader>
        <controlfield tag="001">6477014</controlfield>
        <controlfield tag="005">20000203161414.0</controlfield>
        <controlfield tag="008">810903s1938    sz            000 0 eng  </controlfield>
        <datafield tag="010" ind1=" " ind2=" ">
            <subfield code="a">   47039195 </subfield>
        </datafield>
        <datafield tag="100" ind1="1" ind2=" ">
            <subfield code="a">Galsworthy, John,</subfield>
            <subfield code="d">1867-1933.</subfield>
        </datafield>
        <datafield tag="240" ind1="1" ind2="0">
            <subfield code="a">Selected works [from old catalog]</subfield>
        </datafield>
        <datafield tag="245" ind1="1" ind2="0">
            <subfield code="a">Caputures,</subfield>
        </datafield>
        <datafield tag="260" ind1=" " ind2=" ">
            <subfield code="a">Bern, Switzerland,</subfield>
            <subfield code="b">A. Francke ag.</subfield>
            <subfield code="c">[1938]</subfield>
        </datafield>
        <datafield tag="300" ind1=" " ind2=" ">
            <subfield code="a">42 p.</subfield>
            <subfield code="c">20 cm.</subfield>
        </datafield>
        <datafield tag="700" ind1="1" ind2=" ">
            <subfield code="a">Audétat, Emil, [from old catalog]</subfield>
            <subfield code="e">ed.</subfield>
        </datafield>
    </record>