
    <record>
        <leader>00761cam a22002293u 4500</leader>
        <controlfield tag="001">10138497</controlfield>
        <controlfield tag="005">20211110144852.0</controlfield>
        <controlfield tag="008">810903s1925    enk           000 0 eng  </controlfield>
        <datafield tag="010" ind1=" " ind2=" ">
            <subfield code="a">   25019172 </subfield>
        </datafield>
        <datafield tag="100" ind1="1" ind2=" ">
            <subfield code="a">Galsworthy, John,</subfield>
            <subfield code="d">1867-1933.</subfield>
        </datafield>
        <datafield tag="245" ind1="1" ind2="0">
            <subfield code="a">Caravan :</subfield>
            <subfield code="b">the assembled tales of John Galsworthy.</subfield>
        </datafield>
        <datafield tag="260" ind1=" " ind2=" ">
            <subfield code="a">London :</subfield>
            <subfield code="b">W. Heinemann, Ltd.,</subfield>
            <subfield code="c">1925.</subfield>
        </datafield>
        <datafield tag="300" ind1=" " ind2=" ">
            <subfield code="a">x, 950 p. ;</subfield>
            <subfield code="c">19 cm.</subfield>
        </datafield>
    </record>