
    <record>
        <leader>00598cam a2200181u  4500</leader>
        <controlfield tag="001">10138216</controlfield>
        <controlfield tag="005">20041216183820.0</controlfield>
        <controlfield tag="008">810903s1925    nyu           000 0aeng  </controlfield>
        <datafield tag="010" ind1=" " ind2=" ">
            <subfield code="a">   25015982 </subfield>
        </datafield>
        <datafield tag="100" ind1="1" ind2=" ">
            <subfield code="a">Galsworthy, John,</subfield>
            <subfield code="d">1867-1933.</subfield>
        </datafield>
        <datafield tag="245" ind1="1" ind2="0">
            <subfield code="a">Caravan,</subfield>
            <subfield code="b">the assembled tales of John Galsworthy.</subfield>
        </datafield>
        <datafield tag="260" ind1=" " ind2=" ">
            <subfield code="a">New York,</subfield>
            <subfield code="b">C. Scribner's sons,</subfield>
            <subfield code="c">1925.</subfield>
        </datafield>
        <datafield tag="300" ind1=" " ind2=" ">
            <subfield code="a">x p., 1 l.,</subfield>
            <subfield code="b">760 p.</subfield>
            <subfield code="c">20 cm.</subfield>
        </datafield>
    </record>