
    <record>
        <leader>00678cam a2200205u  4500</leader>
        <controlfield tag="001">7802206</controlfield>
        <controlfield tag="005">20230602102736.0</controlfield>
        <controlfield tag="008">810903s1927    nyu           000 0 eng  </controlfield>
        <datafield tag="010" ind1=" " ind2=" ">
            <subfield code="a">   27022191 </subfield>
        </datafield>
        <datafield tag="100" ind1="1" ind2=" ">
            <subfield code="a">Galsworthy, John,</subfield>
            <subfield code="d">1867-1933.</subfield>
        </datafield>
        <datafield tag="240" ind1="1" ind2="0">
            <subfield code="a">Selected works [from old catalog]</subfield>
        </datafield>
        <datafield tag="245" ind1="1" ind2="0">
            <subfield code="a">Castles in Spain and other screeds,</subfield>
        </datafield>
        <datafield tag="260" ind1=" " ind2=" ">
            <subfield code="a">New York,</subfield>
            <subfield code="b">C. Scribner's sons,</subfield>
            <subfield code="c">1927.</subfield>
        </datafield>
        <datafield tag="300" ind1=" " ind2=" ">
            <subfield code="a">263 p.</subfield>
            <subfield code="c">20 cm.</subfield>
        </datafield>
    </record>