
    <record>
        <leader>00728cam a22002291  4500</leader>
        <controlfield tag="001">8761924</controlfield>
        <controlfield tag="005">20050702194729.0</controlfield>
        <controlfield tag="008">731026s1934    nyu           000 0 eng  </controlfield>
        <datafield tag="010" ind1=" " ind2=" ">
            <subfield code="a">   34027266 </subfield>
        </datafield>
        <datafield tag="082" ind1=" " ind2=" ">
            <subfield code="a">821.91</subfield>
        </datafield>
        <datafield tag="100" ind1="1" ind2=" ">
            <subfield code="a">Galsworthy, John,</subfield>
            <subfield code="d">1867-1933.</subfield>
        </datafield>
        <datafield tag="245" ind1="1" ind2="4">
            <subfield code="a">The collected poems of John Galsworthy.</subfield>
        </datafield>
        <datafield tag="260" ind1=" " ind2=" ">
            <subfield code="a">New York,</subfield>
            <subfield code="b">Charles Scribner's Sons,</subfield>
            <subfield code="c">1934.</subfield>
        </datafield>
        <datafield tag="300" ind1=" " ind2=" ">
            <subfield code="a">2 p. l., vii-x p., 1 l., 139 p.</subfield>
            <subfield code="c">22 cm.</subfield>
        </datafield>
    </record>