
    <record>
        <leader>00597cam a2200193u  4500</leader>
        <controlfield tag="001">8733542</controlfield>
        <controlfield tag="005">20041216182440.0</controlfield>
        <controlfield tag="008">820301s1923    enk           000 0 eng  </controlfield>
        <datafield tag="010" ind1=" " ind2=" ">
            <subfield code="a">   25022186 </subfield>
        </datafield>
        <datafield tag="100" ind1="1" ind2=" ">
            <subfield code="a">Galsworthy, John,</subfield>
            <subfield code="d">1867-1933.</subfield>
        </datafield>
        <datafield tag="240" ind1="1" ind2="0">
            <subfield code="a">Selected Works [from old catalog]</subfield>
        </datafield>
        <datafield tag="245" ind1="1" ind2="2">
            <subfield code="a">A commentary.</subfield>
        </datafield>
        <datafield tag="260" ind1=" " ind2=" ">
            <subfield code="a">London,</subfield>
            <subfield code="b">W. Heinemann ltd.,</subfield>
            <subfield code="c">1923.</subfield>
        </datafield>
        <datafield tag="300" ind1=" " ind2=" ">
            <subfield code="a">v.</subfield>
            <subfield code="b">248 p.</subfield>
            <subfield code="c">18 cm.</subfield>
        </datafield>
    </record>