
    <record>
        <leader>00613cam a2200193u  4500</leader>
        <controlfield tag="001">10091022</controlfield>
        <controlfield tag="005">20041216182456.0</controlfield>
        <controlfield tag="008">820308s1908    xx            000 0 eng  </controlfield>
        <datafield tag="010" ind1=" " ind2=" ">
            <subfield code="a">   08033812 </subfield>
        </datafield>
        <datafield tag="100" ind1="1" ind2=" ">
            <subfield code="a">Galsworthy, John,</subfield>
            <subfield code="d">1867-1933.</subfield>
        </datafield>
        <datafield tag="240" ind1="0" ind2="0">
            <subfield code="a">Selected works [from old catalog]</subfield>
        </datafield>
        <datafield tag="245" ind1="1" ind2="2">
            <subfield code="a">A commentary,</subfield>
        </datafield>
        <datafield tag="260" ind1=" " ind2=" ">
            <subfield code="a">New York and London,</subfield>
            <subfield code="b">G. P. Putnam's sons,</subfield>
            <subfield code="c">1908.</subfield>
        </datafield>
        <datafield tag="300" ind1=" " ind2=" ">
            <subfield code="a">3 p.</subfield>
            <subfield code="b">l., v-vi, 263 p.</subfield>
            <subfield code="c">20 cm.</subfield>
        </datafield>
    </record>