
    <record>
        <leader>01098cam a22002891  4500</leader>
        <controlfield tag="001">7370963</controlfield>
        <controlfield tag="005">20200115154912.0</controlfield>
        <controlfield tag="008">840210s1937    mouh          000 0 eng  </controlfield>
        <datafield tag="010" ind1=" " ind2=" ">
            <subfield code="a">   38010079 </subfield>
        </datafield>
        <datafield tag="082" ind1=" " ind2=" ">
            <subfield code="a">823.91</subfield>
        </datafield>
        <datafield tag="100" ind1="1" ind2=" ">
            <subfield code="a">Galsworthy, John,</subfield>
            <subfield code="d">1867-1933.</subfield>
        </datafield>
        <datafield tag="245" ind1="1" ind2="0">
            <subfield code="a">"Corduroys" /</subfield>
            <subfield code="c">by John Sinjohn (John Galsworthy).</subfield>
        </datafield>
        <datafield tag="260" ind1=" " ind2=" ">
            <subfield code="a">Kansas City :</subfield>
            <subfield code="b">Priv. print.,</subfield>
            <subfield code="c">1937.</subfield>
        </datafield>
        <datafield tag="300" ind1=" " ind2=" ">
            <subfield code="a">2 p. l., 11, 10 p., 1 l. :</subfield>
            <subfield code="b">facsim. ;</subfield>
            <subfield code="c">27 cm.</subfield>
        </datafield>
        <datafield tag="500" ind1=" " ind2=" ">
            <subfield code="a">"This is copy number -- of a first edition limited to sixty copies. The plates, made from the original manuscript, have been destroyed."</subfield>
        </datafield>
        <datafield tag="500" ind1=" " ind2=" ">
            <subfield code="a">Facsimile and corrected version printed on opposite pages numbered in duplicate.</subfield>
        </datafield>
    </record>