
    <record>
        <leader>00693cam a22002171  4500</leader>
        <controlfield tag="001">7275576</controlfield>
        <controlfield tag="005">20041216183811.0</controlfield>
        <controlfield tag="008">730622s1907    nyu           000 1 eng  </controlfield>
        <datafield tag="010" ind1=" " ind2=" ">
            <subfield code="a">   07015919 </subfield>
        </datafield>
        <datafield tag="100" ind1="1" ind2=" ">
            <subfield code="a">Galsworthy, John,</subfield>
            <subfield code="d">1867-1933.</subfield>
        </datafield>
        <datafield tag="245" ind1="1" ind2="4">
            <subfield code="a">The country house</subfield>
            <subfield code="b">[a novel]</subfield>
            <subfield code="c">by John Galsworthy ...</subfield>
        </datafield>
        <datafield tag="260" ind1=" " ind2=" ">
            <subfield code="a">New York,</subfield>
            <subfield code="a">London,</subfield>
            <subfield code="b">G. P. Putnam's Sons,</subfield>
            <subfield code="c">1907.</subfield>
        </datafield>
        <datafield tag="300" ind1=" " ind2=" ">
            <subfield code="a">viii, 307 p.</subfield>
            <subfield code="c">20 cm.</subfield>
        </datafield>
    </record>