
    <record>
        <leader>00767cam a2200229u  4500</leader>
        <controlfield tag="001">10165520</controlfield>
        <controlfield tag="005">20230804152526.0</controlfield>
        <controlfield tag="008">820312s1933    sp            000 0 spa  </controlfield>
        <datafield tag="010" ind1=" " ind2=" ">
            <subfield code="a">   34008872 </subfield>
        </datafield>
        <datafield tag="100" ind1="1" ind2=" ">
            <subfield code="a">Galsworthy, John,</subfield>
            <subfield code="d">1867-1933.</subfield>
        </datafield>
        <datafield tag="240" ind1="1" ind2="0">
            <subfield code="a">Silver spoon.</subfield>
            <subfield code="l">Spanish [from old catalog]</subfield>
        </datafield>
        <datafield tag="245" ind1="1" ind2="3">
            <subfield code="a">La cuchara de plata.</subfield>
        </datafield>
        <datafield tag="260" ind1=" " ind2=" ">
            <subfield code="a">Barcelona,</subfield>
            <subfield code="b">Ediciones Edita,</subfield>
            <subfield code="c">1933.</subfield>
        </datafield>
        <datafield tag="300" ind1=" " ind2=" ">
            <subfield code="a">326 p.</subfield>
            <subfield code="c">19 cm.</subfield>
        </datafield>
        <datafield tag="700" ind1="1" ind2=" ">
            <subfield code="a">Baeza, Ricardo,</subfield>
            <subfield code="d">1890-1956</subfield>
            <subfield code="e">translator.</subfield>
        </datafield>
        <datafield tag="700" ind1="1" ind2=" ">
            <subfield code="a">Morales, María Luz, [from old catalog]</subfield>
            <subfield code="e">translator.</subfield>
        </datafield>
    </record>