
    <record>
        <leader>00577cam a2200193u  4500</leader>
        <controlfield tag="001">6493040</controlfield>
        <controlfield tag="005">20141016103557.0</controlfield>
        <controlfield tag="008">820312s1929    it            000 0 ita  </controlfield>
        <datafield tag="010" ind1=" " ind2=" ">
            <subfield code="a">   50044745 </subfield>
        </datafield>
        <datafield tag="100" ind1="1" ind2=" ">
            <subfield code="a">Galsworthy, John,</subfield>
            <subfield code="d">1867-1933.</subfield>
        </datafield>
        <datafield tag="240" ind1="1" ind2="0">
            <subfield code="a">To let. Italian [from old catalog]</subfield>
        </datafield>
        <datafield tag="245" ind1="1" ind2="0">
            <subfield code="a">Da affittare.</subfield>
        </datafield>
        <datafield tag="260" ind1=" " ind2=" ">
            <subfield code="a">Milano,</subfield>
            <subfield code="b">Edizioni "Corbaccio,"</subfield>
            <subfield code="c">1929.</subfield>
        </datafield>
        <datafield tag="300" ind1=" " ind2=" ">
            <subfield code="a">466 p.</subfield>
            <subfield code="c">20 cm.</subfield>
        </datafield>
    </record>