
    <record>
        <leader>00556cam a2200181u  4500</leader>
        <controlfield tag="001">8265611</controlfield>
        <controlfield tag="005">20041216182347.0</controlfield>
        <controlfield tag="008">820416s1923    enk           000 0 eng  </controlfield>
        <datafield tag="010" ind1=" " ind2=" ">
            <subfield code="a">   25022187 </subfield>
        </datafield>
        <datafield tag="100" ind1="1" ind2=" ">
            <subfield code="a">Galsworthy, John,</subfield>
            <subfield code="d">1867-1933.</subfield>
        </datafield>
        <datafield tag="245" ind1="1" ind2="4">
            <subfield code="a">The dark flower.</subfield>
        </datafield>
        <datafield tag="260" ind1=" " ind2=" ">
            <subfield code="a">London,</subfield>
            <subfield code="b">W. Heinemann ltd.,</subfield>
            <subfield code="c">1923.</subfield>
        </datafield>
        <datafield tag="300" ind1=" " ind2=" ">
            <subfield code="a">4 p.</subfield>
            <subfield code="b">l., 3-302 p.</subfield>
            <subfield code="c">18 cm.</subfield>
        </datafield>
    </record>