
    <record>
        <leader>00857cam a22002651  4500</leader>
        <controlfield tag="001">9754392</controlfield>
        <controlfield tag="005">20050531192127.0</controlfield>
        <controlfield tag="008">780623s1946    xx            000 0 fre  </controlfield>
        <datafield tag="010" ind1=" " ind2=" ">
            <subfield code="a">   47028933 </subfield>
        </datafield>
        <datafield tag="041" ind1="1" ind2=" ">
            <subfield code="a">freeng</subfield>
        </datafield>
        <datafield tag="100" ind1="1" ind2=" ">
            <subfield code="a">Galsworthy, John,</subfield>
            <subfield code="d">1867-1933.</subfield>
        </datafield>
        <datafield tag="245" ind1="1" ind2="0">
            <subfield code="a">Dinny. (Maid in waiting)</subfield>
            <subfield code="c">Tr. de l'anglais par Paulette Michel-Cote.</subfield>
        </datafield>
        <datafield tag="260" ind1=" " ind2=" ">
            <subfield code="a">Paris,</subfield>
            <subfield code="b">Calmann-Lévy</subfield>
            <subfield code="c">[1946]</subfield>
        </datafield>
        <datafield tag="300" ind1=" " ind2=" ">
            <subfield code="a">382 p.</subfield>
            <subfield code="c">19 cm.</subfield>
        </datafield>
        <datafield tag="490" ind1="1" ind2=" ">
            <subfield code="a">His La fin du chapitre [1]</subfield>
        </datafield>
        <datafield tag="700" ind1="2" ind2=" ">
            <subfield code="a">Michel Cote, Paulette,</subfield>
            <subfield code="d">1875-</subfield>
            <subfield code="e">tr.</subfield>
        </datafield>
        <datafield tag="800" ind1="1" ind2=" ">
            <subfield code="a">Galsworthy, John,</subfield>
            <subfield code="d">1867-1933.</subfield>
            <subfield code="t">Fin du chapitre [1]</subfield>
        </datafield>
    </record>