
    <record>
        <leader>00668cam a2200205u  4500</leader>
        <controlfield tag="001">8340071</controlfield>
        <controlfield tag="005">20070606094910.0</controlfield>
        <controlfield tag="008">820513s1921    ne            000 0 dut  </controlfield>
        <datafield tag="010" ind1=" " ind2=" ">
            <subfield code="a">   45033897 </subfield>
        </datafield>
        <datafield tag="100" ind1="1" ind2=" ">
            <subfield code="a">Galsworthy, John,</subfield>
            <subfield code="d">1867-1933.</subfield>
        </datafield>
        <datafield tag="240" ind1="1" ind2="0">
            <subfield code="a">Dark flower.</subfield>
            <subfield code="l">Dutch [from old catalog]</subfield>
        </datafield>
        <datafield tag="245" ind1="1" ind2="3">
            <subfield code="a">De donkere bloem,</subfield>
        </datafield>
        <datafield tag="260" ind1=" " ind2=" ">
            <subfield code="a">[Amsterdam,</subfield>
            <subfield code="b">Maatschappij voor goede en goedkoope lectuur]</subfield>
            <subfield code="c">1921.</subfield>
        </datafield>
        <datafield tag="300" ind1=" " ind2=" ">
            <subfield code="a">269 p.</subfield>
            <subfield code="c">19 cm.</subfield>
        </datafield>
        <datafield tag="700" ind1="1" ind2=" ">
            <subfield code="a">Kuylman, J., [from old catalog]</subfield>
            <subfield code="e">tr.</subfield>
        </datafield>
    </record>