
    <record>
        <leader>00665cam a2200205u  4500</leader>
        <controlfield tag="001">6248621</controlfield>
        <controlfield tag="005">20000203161513.0</controlfield>
        <controlfield tag="008">820513q19001982fr f          000 0 fre  </controlfield>
        <datafield tag="010" ind1=" " ind2=" ">
            <subfield code="a">   79563848 </subfield>
        </datafield>
        <datafield tag="100" ind1="1" ind2=" ">
            <subfield code="a">Galsworthy, John,</subfield>
            <subfield code="d">1867-1933.</subfield>
        </datafield>
        <datafield tag="245" ind1="1" ind2="3">
            <subfield code="a">La dynastie des Forsyte.</subfield>
        </datafield>
        <datafield tag="260" ind1=" " ind2=" ">
            <subfield code="a">[Paris]</subfield>
            <subfield code="b">Calmann-Lévy</subfield>
            <subfield code="c">[19</subfield>
        </datafield>
        <datafield tag="300" ind1=" " ind2=" ">
            <subfield code="a">v.</subfield>
            <subfield code="b">plates.</subfield>
            <subfield code="c">24 cm.</subfield>
        </datafield>
    </record>