
    <record>
        <leader>00873cam a22002651  4500</leader>
        <controlfield tag="001">7763087</controlfield>
        <controlfield tag="005">20190125100635.0</controlfield>
        <controlfield tag="007">cr_|||||||||||</controlfield>
        <controlfield tag="008">761011s1912    nyu           000 0 eng  </controlfield>
        <datafield tag="010" ind1=" " ind2=" ">
            <subfield code="a">   12026911 </subfield>
        </datafield>
        <datafield tag="100" ind1="1" ind2=" ">
            <subfield code="a">Galsworthy, John,</subfield>
            <subfield code="d">1867-1933.</subfield>
        </datafield>
        <datafield tag="245" ind1="1" ind2="4">
            <subfield code="a">The eldest son;</subfield>
            <subfield code="b">a domestic drama in three acts.</subfield>
            <subfield code="c">By John Galsworthy.</subfield>
        </datafield>
        <datafield tag="260" ind1=" " ind2=" ">
            <subfield code="a">New York,</subfield>
            <subfield code="b">C. Scribner's sons,</subfield>
            <subfield code="c">1912.</subfield>
        </datafield>
        <datafield tag="300" ind1=" " ind2=" ">
            <subfield code="a">3 p. l., 3-74 p.</subfield>
            <subfield code="c">19 cm.</subfield>
        </datafield>
        <datafield tag="530" ind1=" " ind2=" ">
            <subfield code="a">Also available in digital form.</subfield>
        </datafield>
    </record>