
    <record>
        <leader>00781cam a22002291  4500</leader>
        <controlfield tag="001">6888859</controlfield>
        <controlfield tag="005">20041216183736.0</controlfield>
        <controlfield tag="008">720726s1934    nyuc          000 1 eng  </controlfield>
        <datafield tag="010" ind1=" " ind2=" ">
            <subfield code="a">   34028414 </subfield>
        </datafield>
        <datafield tag="082" ind1=" " ind2=" ">
            <subfield code="a">823/.9/12</subfield>
        </datafield>
        <datafield tag="100" ind1="1" ind2=" ">
            <subfield code="a">Galsworthy, John,</subfield>
            <subfield code="d">1867-1933.</subfield>
        </datafield>
        <datafield tag="245" ind1="1" ind2="0">
            <subfield code="a">End of the chapter,</subfield>
            <subfield code="c">by John Galsworthy.</subfield>
        </datafield>
        <datafield tag="260" ind1=" " ind2=" ">
            <subfield code="a">New York,</subfield>
            <subfield code="b">C. Scribner's Sons,</subfield>
            <subfield code="c">1934.</subfield>
        </datafield>
        <datafield tag="300" ind1=" " ind2=" ">
            <subfield code="a">4 p. l., 3-897 p.</subfield>
            <subfield code="b">front., (port.)</subfield>
            <subfield code="c">22 cm.</subfield>
        </datafield>
        <datafield tag="505" ind1="0" ind2=" ">
            <subfield code="a">Maid in waiting.--Flowering wilderness.--Over the river.</subfield>
        </datafield>
    </record>