
    <record>
        <leader>00581cam a2200193u  4500</leader>
        <controlfield tag="001">8377152</controlfield>
        <controlfield tag="005">20000203162748.0</controlfield>
        <controlfield tag="008">821215s1951    au            000 0 ger  </controlfield>
        <datafield tag="010" ind1=" " ind2=" ">
            <subfield code="a">   52037677 </subfield>
        </datafield>
        <datafield tag="100" ind1="1" ind2=" ">
            <subfield code="a">Galsworthy, John,</subfield>
            <subfield code="d">1867-1933.</subfield>
        </datafield>
        <datafield tag="240" ind1="1" ind2="0">
            <subfield code="a">End of the chapter. German [from old catalog]</subfield>
        </datafield>
        <datafield tag="245" ind1="1" ind2="4">
            <subfield code="a">Das Ende vom Lied,</subfield>
        </datafield>
        <datafield tag="260" ind1=" " ind2=" ">
            <subfield code="a">Wien,</subfield>
            <subfield code="b">P. Zsolnay,</subfield>
            <subfield code="c">1951.</subfield>
        </datafield>
        <datafield tag="300" ind1=" " ind2=" ">
            <subfield code="a">950 p.</subfield>
            <subfield code="c">21 cm.</subfield>
        </datafield>
    </record>