
    <record>
        <leader>00898cam a22002413u 4500</leader>
        <controlfield tag="001">22267293</controlfield>
        <controlfield tag="005">20221122134844.0</controlfield>
        <controlfield tag="008">211008nuuuu    ctu           000 0 eng  </controlfield>
        <datafield tag="010" ind1=" " ind2=" ">
            <subfield code="a">  2020784575</subfield>
        </datafield>
        <datafield tag="100" ind1="1" ind2=" ">
            <subfield code="a">Galsworthy, John,</subfield>
            <subfield code="d">1867-1933.</subfield>
        </datafield>
        <datafield tag="245" ind1="1" ind2="0">
            <subfield code="a">Errantry by John Galsworthy.</subfield>
        </datafield>
        <datafield tag="260" ind1=" " ind2=" ">
            <subfield code="a">Riverside, Conn.,</subfield>
            <subfield code="c">[n. d.]</subfield>
        </datafield>
        <datafield tag="300" ind1=" " ind2=" ">
            <subfield code="a">1 p.</subfield>
            <subfield code="c">25 x 32 cm.</subfield>
        </datafield>
        <datafield tag="500" ind1=" " ind2=" ">
            <subfield code="a">The edition of this broadside consists of 100 copies, printed on Tuscany hand made paper, at Hillacre, Riverside, Conn.</subfield>
        </datafield>
        <datafield tag="710" ind1="2" ind2=" ">
            <subfield code="a">Printed Ephemera Collection (Library of Congress)</subfield>
            <subfield code="5">DLC</subfield>
        </datafield>
    </record>