
    <record>
        <leader>00887cam a22002771  4500</leader>
        <controlfield tag="001">9225163</controlfield>
        <controlfield tag="005">20050607184622.0</controlfield>
        <controlfield tag="008">760210s1931    gw            000 1 ger  </controlfield>
        <datafield tag="010" ind1=" " ind2=" ">
            <subfield code="a">   33011800 </subfield>
        </datafield>
        <datafield tag="041" ind1="1" ind2=" ">
            <subfield code="a">gereng</subfield>
        </datafield>
        <datafield tag="082" ind1=" " ind2=" ">
            <subfield code="a">828.91</subfield>
        </datafield>
        <datafield tag="100" ind1="1" ind2=" ">
            <subfield code="a">Galsworthy, John,</subfield>
            <subfield code="d">1867-1933.</subfield>
        </datafield>
        <datafield tag="245" ind1="1" ind2="4">
            <subfield code="a">Die Ersten und die Letzten;</subfield>
            <subfield code="b">Novelle;</subfield>
            <subfield code="c">autorisierte Übersetzung von Leon Schalit.</subfield>
        </datafield>
        <datafield tag="260" ind1=" " ind2=" ">
            <subfield code="a">Berlin,</subfield>
            <subfield code="b">P. Zsolnay,</subfield>
            <subfield code="c">1931.</subfield>
        </datafield>
        <datafield tag="300" ind1=" " ind2=" ">
            <subfield code="a">137 p.</subfield>
            <subfield code="c">18 cm.</subfield>
        </datafield>
        <datafield tag="500" ind1=" " ind2=" ">
            <subfield code="a">"1.-15. Tausend."</subfield>
        </datafield>
        <datafield tag="500" ind1=" " ind2=" ">
            <subfield code="a">"Der Originaltitel des Werks lautet: The first and the last."</subfield>
        </datafield>
        <datafield tag="700" ind1="1" ind2=" ">
            <subfield code="a">Schalit, Leon,</subfield>
            <subfield code="d">1884-</subfield>
            <subfield code="e">tr.</subfield>
        </datafield>
    </record>