
    <record>
        <leader>01318cam a22003131a 4500</leader>
        <controlfield tag="001">6862795</controlfield>
        <controlfield tag="005">20200115155202.0</controlfield>
        <controlfield tag="008">870331s1926    enkcf         000 0 eng  </controlfield>
        <datafield tag="010" ind1=" " ind2=" ">
            <subfield code="a">   26018134 </subfield>
        </datafield>
        <datafield tag="100" ind1="1" ind2=" ">
            <subfield code="a">Galsworthy, John,</subfield>
            <subfield code="d">1867-1933.</subfield>
        </datafield>
        <datafield tag="245" ind1="1" ind2="0">
            <subfield code="a">Escape :</subfield>
            <subfield code="b">an episodic play in a prologue and two parts /</subfield>
            <subfield code="c">by John Galsworthy.</subfield>
        </datafield>
        <datafield tag="260" ind1=" " ind2=" ">
            <subfield code="a">London :</subfield>
            <subfield code="b">Duckworth,</subfield>
            <subfield code="c">1926.</subfield>
        </datafield>
        <datafield tag="300" ind1=" " ind2=" ">
            <subfield code="a">[4], 100 p., [3] leaves of plates :</subfield>
            <subfield code="b">ports. ;</subfield>
            <subfield code="c">18 cm.</subfield>
        </datafield>
        <datafield tag="500" ind1=" " ind2=" ">
            <subfield code="a">"Second impression October 1926."</subfield>
        </datafield>
        <datafield tag="500" ind1=" " ind2=" ">
            <subfield code="a">Cover title: With H. M. Harwood and Leon M. Lion's compliments, February 23rd, 1927: Souvenir of escape by John Galsworthy; with an introduction by the Home Secretary, the Rt. Hon. Sir William Joynson-Hicks, and a poem by Humbert Wolfe.</subfield>
        </datafield>
        <datafield tag="700" ind1="1" ind2=" ">
            <subfield code="a">Brentford, William Joynson-Hicks,</subfield>
            <subfield code="c">Viscount,</subfield>
            <subfield code="d">1865-1932.</subfield>
        </datafield>
        <datafield tag="700" ind1="1" ind2=" ">
            <subfield code="a">Wolfe, Humbert,</subfield>
            <subfield code="d">1885-1940.</subfield>
        </datafield>
        <datafield tag="740" ind1="0" ind2=" ">
            <subfield code="a">Souvenir of escape.</subfield>
        </datafield>
    </record>