
    <record>
        <leader>00859cam a22002651  4500</leader>
        <controlfield tag="001">6405177</controlfield>
        <controlfield tag="005">20200115155634.0</controlfield>
        <controlfield tag="008">720801s1929    enkae         000 0 eng  </controlfield>
        <datafield tag="010" ind1=" " ind2=" ">
            <subfield code="a">   30011845 </subfield>
        </datafield>
        <datafield tag="082" ind1=" " ind2=" ">
            <subfield code="a">822.91</subfield>
        </datafield>
        <datafield tag="100" ind1="1" ind2=" ">
            <subfield code="a">Galsworthy, John,</subfield>
            <subfield code="d">1867-1933.</subfield>
        </datafield>
        <datafield tag="245" ind1="1" ind2="0">
            <subfield code="a">Exiled :</subfield>
            <subfield code="b">an evolutionary comedy in three acts /</subfield>
            <subfield code="c">by John Galsworthy.</subfield>
        </datafield>
        <datafield tag="260" ind1=" " ind2=" ">
            <subfield code="a">London :</subfield>
            <subfield code="b">Duckworth,</subfield>
            <subfield code="c">[1929]</subfield>
        </datafield>
        <datafield tag="300" ind1=" " ind2=" ">
            <subfield code="a">118 p. :</subfield>
            <subfield code="b">illus. (plans) ;</subfield>
            <subfield code="c">18 cm.</subfield>
        </datafield>
    </record>