
    <record>
        <leader>00728cam a22002171  4500</leader>
        <controlfield tag="001">14070625</controlfield>
        <controlfield tag="005">20061128100803.0</controlfield>
        <controlfield tag="008">050810s1922    sw            000 0 swe  </controlfield>
        <datafield tag="010" ind1=" " ind2=" ">
            <subfield code="a">   44051998 </subfield>
        </datafield>
        <datafield tag="100" ind1="1" ind2=" ">
            <subfield code="a">Galsworthy, John,</subfield>
            <subfield code="d">1867-1933.</subfield>
        </datafield>
        <datafield tag="240" ind1="1" ind2="0">
            <subfield code="a">Freelands.</subfield>
            <subfield code="l">Swedish</subfield>
        </datafield>
        <datafield tag="245" ind1="1" ind2="0">
            <subfield code="a">Familjen Freeland, roman ...</subfield>
            <subfield code="b">Till svenska av Agnes Byström-Lindhagen.</subfield>
        </datafield>
        <datafield tag="260" ind1=" " ind2=" ">
            <subfield code="a">Stockholm,</subfield>
            <subfield code="b">Svenska andelsförlaget</subfield>
            <subfield code="c">[1922]</subfield>
        </datafield>
        <datafield tag="300" ind1=" " ind2=" ">
            <subfield code="a">415 p.</subfield>
            <subfield code="c">19 cm.</subfield>
        </datafield>
        <datafield tag="500" ind1=" " ind2=" ">
            <subfield code="a">"Andra upplagan."</subfield>
        </datafield>
        <datafield tag="700" ind1="1" ind2=" ">
            <subfield code="a">Byström-Lindhagen, Agnes, [from old catalog]</subfield>
            <subfield code="e">tr.</subfield>
        </datafield>
    </record>