
    <record>
        <leader>00865cam a22002651  4500</leader>
        <controlfield tag="001">6853198</controlfield>
        <controlfield tag="005">20190127103926.0</controlfield>
        <controlfield tag="007">cr_|||||||||||</controlfield>
        <controlfield tag="008">730621s1922    nyua          000 0 eng  </controlfield>
        <datafield tag="010" ind1=" " ind2=" ">
            <subfield code="a">   22026484 </subfield>
        </datafield>
        <datafield tag="100" ind1="1" ind2=" ">
            <subfield code="a">Galsworthy, John,</subfield>
            <subfield code="d">1867-1933.</subfield>
        </datafield>
        <datafield tag="245" ind1="1" ind2="2">
            <subfield code="a">A family man,</subfield>
            <subfield code="b">in three acts,</subfield>
            <subfield code="c">by John Galsworthy.</subfield>
        </datafield>
        <datafield tag="260" ind1=" " ind2=" ">
            <subfield code="a">New York,</subfield>
            <subfield code="b">C. Scribner's sons,</subfield>
            <subfield code="c">1922.</subfield>
        </datafield>
        <datafield tag="300" ind1=" " ind2=" ">
            <subfield code="a">5 p. l., 3-108 p.</subfield>
            <subfield code="b">diagrs.</subfield>
            <subfield code="c">19 cm.</subfield>
        </datafield>
        <datafield tag="530" ind1=" " ind2=" ">
            <subfield code="a">Also available in digital form.</subfield>
        </datafield>
    </record>