
    <record>
        <leader>01382nam a22003497a 4500</leader>
        <controlfield tag="001">12335433</controlfield>
        <controlfield tag="005">20010306001524.0</controlfield>
        <controlfield tag="007">hduafb---bacp</controlfield>
        <controlfield tag="007">hdubfb---baap</controlfield>
        <controlfield tag="008">000731s1930    ii      a     000 0 urd  </controlfield>
        <datafield tag="010" ind1=" " ind2=" ">
            <subfield code="a">   99944183 </subfield>
        </datafield>
        <datafield tag="025" ind1=" " ind2=" ">
            <subfield code="a">NBIL-51877</subfield>
        </datafield>
        <datafield tag="041" ind1="1" ind2=" ">
            <subfield code="a">urd</subfield>
            <subfield code="h">eng</subfield>
        </datafield>
        <datafield tag="100" ind1="1" ind2=" ">
            <subfield code="a">Galsworthy, John,</subfield>
            <subfield code="d">1867-1933.</subfield>
        </datafield>
        <datafield tag="240" ind1="1" ind2="0">
            <subfield code="a">Skin game</subfield>
            <subfield code="l">Urdu</subfield>
        </datafield>
        <datafield tag="245" ind1="1" ind2="0">
            <subfield code="a">Fareb-i ʻamal</subfield>
            <subfield code="h">[microform] :</subfield>
            <subfield code="b">yaʻnī, Jān Gālzvardī ke Angrezī ḍrāmah "Skin-game" kā Urdū tarjamah /</subfield>
            <subfield code="c">az Jagat Mohan Lāl Ravān̲.</subfield>
        </datafield>
        <datafield tag="260" ind1=" " ind2=" ">
            <subfield code="a">Allāhābād :</subfield>
            <subfield code="b">Hindūstānī Akādmī,</subfield>
            <subfield code="c">1930.</subfield>
        </datafield>
        <datafield tag="300" ind1=" " ind2=" ">
            <subfield code="a">x, 294 p. ;</subfield>
            <subfield code="c">18 cm.</subfield>
        </datafield>
        <datafield tag="500" ind1=" " ind2=" ">
            <subfield code="a">Play.</subfield>
        </datafield>
        <datafield tag="546" ind1=" " ind2=" ">
            <subfield code="a">In Urdu.</subfield>
        </datafield>
        <datafield tag="700" ind1="1" ind2=" ">
            <subfield code="a">Ravān̲, Jagat Mohan Lāl.</subfield>
        </datafield>
        <datafield tag="830" ind1=" " ind2="0">
            <subfield code="a">SAMP early 20th-century Indian books project ;</subfield>
            <subfield code="v">item 51877.</subfield>
        </datafield>
    </record>