
    <record>
        <leader>01100cam a22003011  4500</leader>
        <controlfield tag="001">7349652</controlfield>
        <controlfield tag="005">20050818103026.0</controlfield>
        <controlfield tag="008">810402s1932    gw            000 1 ger  </controlfield>
        <datafield tag="010" ind1=" " ind2=" ">
            <subfield code="a">   32025019 </subfield>
        </datafield>
        <datafield tag="041" ind1="1" ind2=" ">
            <subfield code="a">gereng</subfield>
        </datafield>
        <datafield tag="082" ind1=" " ind2=" ">
            <subfield code="a">823.91</subfield>
        </datafield>
        <datafield tag="100" ind1="1" ind2=" ">
            <subfield code="a">Galsworthy, John,</subfield>
            <subfield code="d">1867-1933.</subfield>
        </datafield>
        <datafield tag="245" ind1="1" ind2="4">
            <subfield code="a">Die Fehde;</subfield>
            <subfield code="b">vier Erzählungen;</subfield>
            <subfield code="c">autorisierte Übersetzung aus dem englischen von Leon Schalit.</subfield>
        </datafield>
        <datafield tag="260" ind1=" " ind2=" ">
            <subfield code="a">Berlin [etc.]</subfield>
            <subfield code="b">P. Zsolnay,</subfield>
            <subfield code="c">1932.</subfield>
        </datafield>
        <datafield tag="300" ind1=" " ind2=" ">
            <subfield code="a">293, [1] p., 1 l.</subfield>
            <subfield code="c">19 cm.</subfield>
        </datafield>
        <datafield tag="490" ind1="0" ind2=" ">
            <subfield code="a">John Galsworthy. Gesammelte Werke</subfield>
        </datafield>
        <datafield tag="500" ind1=" " ind2=" ">
            <subfield code="a">"1.-10. Tausend."</subfield>
        </datafield>
        <datafield tag="500" ind1=" " ind2=" ">
            <subfield code="a">"Die Originaltitel der vier Erzählungen lauten: 'A feud', 'A stoic', 'The juryman', 'The apple tree'."</subfield>
        </datafield>
        <datafield tag="505" ind1="0" ind2=" ">
            <subfield code="a">Die Fehde.--Ein Lebenskünstler.--Der Geschworene.--Der Apfelbaum.</subfield>
        </datafield>
        <datafield tag="700" ind1="1" ind2=" ">
            <subfield code="a">Schalit, Leon,</subfield>
            <subfield code="d">1884-</subfield>
            <subfield code="e">tr.</subfield>
        </datafield>
    </record>