
    <record>
        <leader>00848cam a22002531  4500</leader>
        <controlfield tag="001">5923401</controlfield>
        <controlfield tag="005">20050910164604.0</controlfield>
        <controlfield tag="008">870303s1924    gw            000 0 ger  </controlfield>
        <datafield tag="010" ind1=" " ind2=" ">
            <subfield code="a">   25010998 </subfield>
        </datafield>
        <datafield tag="041" ind1="1" ind2=" ">
            <subfield code="a">ger</subfield>
            <subfield code="h">eng</subfield>
        </datafield>
        <datafield tag="100" ind1="1" ind2=" ">
            <subfield code="a">Galsworthy, John,</subfield>
            <subfield code="d">1867-1933.</subfield>
        </datafield>
        <datafield tag="240" ind1="1" ind2="0">
            <subfield code="a">Windows.</subfield>
            <subfield code="l">German</subfield>
        </datafield>
        <datafield tag="245" ind1="1" ind2="0">
            <subfield code="a">Fenster</subfield>
            <subfield code="b">(Windows) Komödie in drei Akten,</subfield>
            <subfield code="c">von John Galsworthy; autorisierte Übersetzung aus dem Englischen von Leon Schalit.</subfield>
        </datafield>
        <datafield tag="260" ind1=" " ind2=" ">
            <subfield code="a">Berlin [etc.]</subfield>
            <subfield code="b">P. Zsolnay,</subfield>
            <subfield code="c">1924.</subfield>
        </datafield>
        <datafield tag="300" ind1=" " ind2=" ">
            <subfield code="a">114 p.</subfield>
            <subfield code="b">plan.</subfield>
            <subfield code="c">21 cm.</subfield>
        </datafield>
        <datafield tag="700" ind1="1" ind2=" ">
            <subfield code="a">Schalit, Leon,</subfield>
            <subfield code="d">1884-</subfield>
        </datafield>
    </record>