
    <record>
        <leader>00556cam a2200181u  4500</leader>
        <controlfield tag="001">7345740</controlfield>
        <controlfield tag="005">20041216183727.0</controlfield>
        <controlfield tag="008">820625s1929    nyu           000 0 eng  </controlfield>
        <datafield tag="010" ind1=" " ind2=" ">
            <subfield code="a">   31019509 </subfield>
        </datafield>
        <datafield tag="100" ind1="1" ind2=" ">
            <subfield code="a">Galsworthy, John,</subfield>
            <subfield code="d">1867-1933.</subfield>
        </datafield>
        <datafield tag="245" ind1="1" ind2="0">
            <subfield code="a">Five tales,</subfield>
        </datafield>
        <datafield tag="260" ind1=" " ind2=" ">
            <subfield code="a">New York,</subfield>
            <subfield code="b">C. Scribner's sons,</subfield>
            <subfield code="c">1929.</subfield>
        </datafield>
        <datafield tag="300" ind1=" " ind2=" ">
            <subfield code="a">5 p.</subfield>
            <subfield code="b">l., 3-380 p.</subfield>
            <subfield code="c">20 cm.</subfield>
        </datafield>
    </record>