
    <record>
        <leader>00658cam a22002051  4500</leader>
        <controlfield tag="001">8286632</controlfield>
        <controlfield tag="005">20041216183711.0</controlfield>
        <controlfield tag="008">750120s1932    nyu           000 1 eng  </controlfield>
        <datafield tag="010" ind1=" " ind2=" ">
            <subfield code="a">   32028087 </subfield>
        </datafield>
        <datafield tag="100" ind1="1" ind2=" ">
            <subfield code="a">Galsworthy, John,</subfield>
            <subfield code="d">1867-1933.</subfield>
        </datafield>
        <datafield tag="245" ind1="1" ind2="0">
            <subfield code="a">Flowering wilderness,</subfield>
            <subfield code="c">by John Galsworthy.</subfield>
        </datafield>
        <datafield tag="260" ind1=" " ind2=" ">
            <subfield code="a">New York,</subfield>
            <subfield code="b">C. Scribner's sons,</subfield>
            <subfield code="c">1932.</subfield>
        </datafield>
        <datafield tag="300" ind1=" " ind2=" ">
            <subfield code="a">320 p.</subfield>
            <subfield code="c">20 cm.</subfield>
        </datafield>
    </record>