
    <record>
        <leader>00704cam a22002171  4500</leader>
        <controlfield tag="001">9666415</controlfield>
        <controlfield tag="005">20050514110124.0</controlfield>
        <controlfield tag="008">731102s1924    nyua          000 0 eng  </controlfield>
        <datafield tag="010" ind1=" " ind2=" ">
            <subfield code="a">   24011573 </subfield>
        </datafield>
        <datafield tag="100" ind1="1" ind2=" ">
            <subfield code="a">Galsworthy, John,</subfield>
            <subfield code="d">1867-1933.</subfield>
        </datafield>
        <datafield tag="245" ind1="1" ind2="4">
            <subfield code="a">The forest,</subfield>
            <subfield code="b">a drama in four acts,</subfield>
            <subfield code="c">by John Galsworthy.</subfield>
        </datafield>
        <datafield tag="260" ind1=" " ind2=" ">
            <subfield code="a">New York,</subfield>
            <subfield code="b">C. Scribner's sons,</subfield>
            <subfield code="c">1924.</subfield>
        </datafield>
        <datafield tag="300" ind1=" " ind2=" ">
            <subfield code="a">4 p. l., 3-115 p.</subfield>
            <subfield code="b">diagrs.</subfield>
            <subfield code="c">19 cm.</subfield>
        </datafield>
    </record>