
    <record>
        <leader>00670cam a2200205u  4500</leader>
        <controlfield tag="001">6873320</controlfield>
        <controlfield tag="005">20041216183654.0</controlfield>
        <controlfield tag="008">830108s1929    nyu           000 0 eng  </controlfield>
        <datafield tag="010" ind1=" " ind2=" ">
            <subfield code="a">   30012324 </subfield>
        </datafield>
        <datafield tag="100" ind1="1" ind2=" ">
            <subfield code="a">Galsworthy, John,</subfield>
            <subfield code="d">1867-1933.</subfield>
        </datafield>
        <datafield tag="245" ind1="1" ind2="4">
            <subfield code="a">The Forsyte saga,</subfield>
        </datafield>
        <datafield tag="260" ind1=" " ind2=" ">
            <subfield code="a">New York,</subfield>
            <subfield code="b">C. Scribner's sons,</subfield>
            <subfield code="c">1929.</subfield>
        </datafield>
        <datafield tag="300" ind1=" " ind2=" ">
            <subfield code="a">xvi 870 p.</subfield>
            <subfield code="b">fold. geneal. tab.</subfield>
            <subfield code="c">20 cm.</subfield>
        </datafield>
    </record>