
    <record>
        <leader>00624cam a2200193u  4500</leader>
        <controlfield tag="001">9211138</controlfield>
        <controlfield tag="005">20041216183637.0</controlfield>
        <controlfield tag="008">830108s1928    enk           000 0 eng  </controlfield>
        <datafield tag="010" ind1=" " ind2=" ">
            <subfield code="a">   29002480 </subfield>
        </datafield>
        <datafield tag="100" ind1="1" ind2=" ">
            <subfield code="a">Galsworthy, John,</subfield>
            <subfield code="d">1867-1933.</subfield>
        </datafield>
        <datafield tag="245" ind1="1" ind2="4">
            <subfield code="a">The Forsyte saga,</subfield>
        </datafield>
        <datafield tag="260" ind1=" " ind2=" ">
            <subfield code="a">London,</subfield>
            <subfield code="b">w. Heinemann ltd.</subfield>
            <subfield code="c">[1928]</subfield>
        </datafield>
        <datafield tag="300" ind1=" " ind2=" ">
            <subfield code="a">3 p.</subfield>
            <subfield code="b">l., ix-xvi, 1104 p. fold. geneal. tab.</subfield>
            <subfield code="c">19 cm.</subfield>
        </datafield>
    </record>