
    <record>
        <leader>01540cam a2200349 a 4500</leader>
        <controlfield tag="001">1953277</controlfield>
        <controlfield tag="005">20200115163022.0</controlfield>
        <controlfield tag="008">870206s1922    enkfj         000 1 eng  </controlfield>
        <datafield tag="010" ind1=" " ind2=" ">
            <subfield code="a">   87110839 </subfield>
        </datafield>
        <datafield tag="100" ind1="1" ind2=" ">
            <subfield code="a">Galsworthy, John,</subfield>
            <subfield code="d">1867-1933.</subfield>
        </datafield>
        <datafield tag="245" ind1="1" ind2="4">
            <subfield code="a">The Forsyte saga /</subfield>
            <subfield code="c">by John Galsworthy.</subfield>
        </datafield>
        <datafield tag="260" ind1=" " ind2=" ">
            <subfield code="a">London :</subfield>
            <subfield code="b">Heinemann,</subfield>
            <subfield code="c">1922.</subfield>
        </datafield>
        <datafield tag="300" ind1=" " ind2=" ">
            <subfield code="a">xvi, 1104 p., [1] folded leaf of plates :</subfield>
            <subfield code="b">1 geneal. table ;</subfield>
            <subfield code="c">20 cm.</subfield>
        </datafield>
        <datafield tag="500" ind1=" " ind2=" ">
            <subfield code="a">Embossed presentation stamp on half-title and title page.</subfield>
            <subfield code="5">DLC</subfield>
        </datafield>
        <datafield tag="500" ind1=" " ind2=" ">
            <subfield code="a">In dust jacket.</subfield>
            <subfield code="5">DLC</subfield>
        </datafield>
        <datafield tag="500" ind1=" " ind2=" ">
            <subfield code="a">LC copy, bound in green cloth, has the geneal. table pulling out to the right (no longer a valid "point," according to Fabes) and is without the dedication of The man of property (as in the British Museum copy; cf. Marrot).</subfield>
        </datafield>
        <datafield tag="510" ind1="4" ind2=" ">
            <subfield code="a">Fabes, G.H.  Galsworthy,</subfield>
            <subfield code="c">p. 36.</subfield>
        </datafield>
        <datafield tag="510" ind1="4" ind2=" ">
            <subfield code="a">Marrot, H.V.  Galsworthy,</subfield>
            <subfield code="c">p. 34</subfield>
        </datafield>
        <datafield tag="561" ind1=" " ind2=" ">
            <subfield code="a">ALS from John Galsworthy to Mrs. Atkinson dated May 22, 1928.</subfield>
            <subfield code="5">DLC</subfield>
        </datafield>
        <datafield tag="561" ind1=" " ind2=" ">
            <subfield code="a">Ex libris Mary Pinkerton Carlisle.</subfield>
            <subfield code="5">DLC</subfield>
        </datafield>
        <datafield tag="561" ind1=" " ind2=" ">
            <subfield code="a">Gift of Mrs. Stanley Lewis, 11/13/1986.</subfield>
            <subfield code="5">DLC</subfield>
        </datafield>
    </record>