
    <record>
        <leader>01323cam a22003131  4500</leader>
        <controlfield tag="001">3580521</controlfield>
        <controlfield tag="005">20090706182340.0</controlfield>
        <controlfield tag="008">790718s1922    nyua    a     000 0 eng  </controlfield>
        <datafield tag="010" ind1=" " ind2=" ">
            <subfield code="a">   22006520 </subfield>
        </datafield>
        <datafield tag="100" ind1="1" ind2=" ">
            <subfield code="a">Galsworthy, John,</subfield>
            <subfield code="d">1867-1933.</subfield>
        </datafield>
        <datafield tag="245" ind1="1" ind2="4">
            <subfield code="a">The Forsyte saga,</subfield>
            <subfield code="c">by John Galsworthy.</subfield>
        </datafield>
        <datafield tag="260" ind1=" " ind2=" ">
            <subfield code="a">New York,</subfield>
            <subfield code="b">C. Scribner's sons,</subfield>
            <subfield code="c">1922.</subfield>
        </datafield>
        <datafield tag="300" ind1=" " ind2=" ">
            <subfield code="a">xvi, 870 p.</subfield>
            <subfield code="b">fold. geneal. tab.</subfield>
            <subfield code="c">20 cm.</subfield>
        </datafield>
        <datafield tag="500" ind1=" " ind2=" ">
            <subfield code="a">Combines into one novel of the Forsyte family of three generations, three of Mr. Galsworthy's novels--"The man of property," "In chancery" and "To let"--and two stories--"The Indian summer of a Forsyte" and "Awakening."</subfield>
        </datafield>
        <datafield tag="583" ind1=" " ind2=" ">
            <subfield code="a">Replace;</subfield>
            <subfield code="z">LC copy replaced by preservation microfilm</subfield>
            <subfield code="5">DLC</subfield>
        </datafield>
    </record>