
    <record>
        <leader>01339cam a22003131  4500</leader>
        <controlfield tag="001">7353433</controlfield>
        <controlfield tag="005">20200115172023.0</controlfield>
        <controlfield tag="008">740830s1933    nyua          000 1 eng  </controlfield>
        <datafield tag="010" ind1=" " ind2=" ">
            <subfield code="a">   33028739 </subfield>
        </datafield>
        <datafield tag="051" ind1=" " ind2=" ">
            <subfield code="a">PR6013.A5</subfield>
            <subfield code="b">F56 1933</subfield>
        </datafield>
        <datafield tag="100" ind1="1" ind2=" ">
            <subfield code="a">Galsworthy, John,</subfield>
            <subfield code="d">1867-1933.</subfield>
        </datafield>
        <datafield tag="245" ind1="1" ind2="4">
            <subfield code="a">The Forsyte saga /</subfield>
            <subfield code="c">by John Galsworthy; with a preface by Ada Galsworthy.</subfield>
        </datafield>
        <datafield tag="260" ind1=" " ind2=" ">
            <subfield code="a">New York :</subfield>
            <subfield code="b">C. Scribner's Sons,</subfield>
            <subfield code="c">[c1933]</subfield>
        </datafield>
        <datafield tag="300" ind1=" " ind2=" ">
            <subfield code="a">xx, 921 p. :</subfield>
            <subfield code="b">illus., front. (port.), fold. geneal. tab. ;</subfield>
            <subfield code="c">22 cm.</subfield>
        </datafield>
        <datafield tag="500" ind1=" " ind2=" ">
            <subfield code="a">At head of title: Memorial edition.</subfield>
        </datafield>
        <datafield tag="500" ind1=" " ind2=" ">
            <subfield code="a">Combines into one novel the Forsyte family of three generations, three of Mr. Galsworthy's novels--"The man of property," "In chancery" and "To let"--and two stories--"The Indian summer of the Forsyte" and "Awakening."</subfield>
        </datafield>
        <datafield tag="500" ind1=" " ind2=" ">
            <subfield code="a">Includes pref. to Memorial edition.</subfield>
        </datafield>
    </record>