
    <record>
        <leader>00885cam a22002411  4500</leader>
        <controlfield tag="001">7949026</controlfield>
        <controlfield tag="005">20041216183544.0</controlfield>
        <controlfield tag="008">770412s1950    nyu           000 0 eng  </controlfield>
        <datafield tag="010" ind1=" " ind2=" ">
            <subfield code="a">   59001071 </subfield>
        </datafield>
        <datafield tag="100" ind1="1" ind2=" ">
            <subfield code="a">Galsworthy, John,</subfield>
            <subfield code="d">1867-1933.</subfield>
        </datafield>
        <datafield tag="245" ind1="1" ind2="4">
            <subfield code="a">The Forsyte Saga.</subfield>
            <subfield code="c">With a  pref. by Ada Galsworthy.</subfield>
        </datafield>
        <datafield tag="260" ind1=" " ind2=" ">
            <subfield code="a">New York,</subfield>
            <subfield code="b">Scribner</subfield>
            <subfield code="c">[c1950]</subfield>
        </datafield>
        <datafield tag="300" ind1=" " ind2=" ">
            <subfield code="a">xx, 921 p.</subfield>
            <subfield code="b">port., geneal. table.</subfield>
            <subfield code="c">22 cm.</subfield>
        </datafield>
        <datafield tag="505" ind1="0" ind2=" ">
            <subfield code="a">The man of property.--Indian summer of a Forsyte.--In chancery.--Awakening.--To let.</subfield>
        </datafield>
    </record>