
    <record>
        <leader>00639cam a22002052  4500</leader>
        <controlfield tag="001">10058596</controlfield>
        <controlfield tag="005">20041216184212.0</controlfield>
        <controlfield tag="008">910702s1946    fi            000 0 fin  </controlfield>
        <datafield tag="010" ind1=" " ind2=" ">
            <subfield code="a">ltf91064373 </subfield>
        </datafield>
        <datafield tag="100" ind1="1" ind2=" ">
            <subfield code="a">Galsworthy, John,</subfield>
            <subfield code="d">1867-1933.</subfield>
        </datafield>
        <datafield tag="245" ind1="0" ind2="0">
            <subfield code="a">Forsytein taru.</subfield>
            <subfield code="c">Suomentanut Tyyni Tuulio.</subfield>
        </datafield>
        <datafield tag="260" ind1=" " ind2=" ">
            <subfield code="a">Porvoo,</subfield>
            <subfield code="b">W. Söderström</subfield>
            <subfield code="c">[1946]</subfield>
        </datafield>
        <datafield tag="300" ind1=" " ind2=" ">
            <subfield code="a">2 v. (858 p.)</subfield>
        </datafield>
    </record>