
    <record>
        <leader>00661cam a22002177  4500</leader>
        <controlfield tag="001">10527045</controlfield>
        <controlfield tag="005">20041216184136.0</controlfield>
        <controlfield tag="008">910701s1946    fi            000 0 fin  </controlfield>
        <datafield tag="010" ind1=" " ind2=" ">
            <subfield code="a">ltf91064362 </subfield>
        </datafield>
        <datafield tag="100" ind1="1" ind2=" ">
            <subfield code="a">Galsworthy, John,</subfield>
            <subfield code="d">1867-1933.</subfield>
        </datafield>
        <datafield tag="245" ind1="0" ind2="0">
            <subfield code="a">Forsytein taru.</subfield>
            <subfield code="c">Suomentanut Tyyni Tuulio.</subfield>
        </datafield>
        <datafield tag="250" ind1=" " ind2=" ">
            <subfield code="a">[4. painos].</subfield>
        </datafield>
        <datafield tag="260" ind1=" " ind2=" ">
            <subfield code="a">Helsinki,</subfield>
            <subfield code="b">W. Söderström</subfield>
            <subfield code="c">[1946]</subfield>
        </datafield>
        <datafield tag="300" ind1=" " ind2=" ">
            <subfield code="a">2 v.</subfield>
        </datafield>
    </record>