
    <record>
        <leader>00736cam a2200229u  4500</leader>
        <controlfield tag="001">6903444</controlfield>
        <controlfield tag="005">20230214110405.0</controlfield>
        <controlfield tag="008">820707s1937    gw            000 0 ger  </controlfield>
        <datafield tag="010" ind1=" " ind2=" ">
            <subfield code="a">   38020834 </subfield>
        </datafield>
        <datafield tag="100" ind1="1" ind2=" ">
            <subfield code="a">Galsworthy, John,</subfield>
            <subfield code="d">1867-1933.</subfield>
        </datafield>
        <datafield tag="240" ind1="1" ind2="0">
            <subfield code="a">Works.</subfield>
            <subfield code="k">Selections.</subfield>
            <subfield code="l">German</subfield>
        </datafield>
        <datafield tag="245" ind1="1" ind2="0">
            <subfield code="a">Forsytes,</subfield>
        </datafield>
        <datafield tag="260" ind1=" " ind2=" ">
            <subfield code="a">Berlin [etc.]</subfield>
            <subfield code="b">P. Zsolnay,</subfield>
            <subfield code="c">1937.</subfield>
        </datafield>
        <datafield tag="300" ind1=" " ind2=" ">
            <subfield code="a">223, [1] p.</subfield>
            <subfield code="c">18 cm.</subfield>
        </datafield>
        <datafield tag="700" ind1="1" ind2=" ">
            <subfield code="a">Galsworthy, Ada,</subfield>
            <subfield code="d">-1956</subfield>
        </datafield>
        <datafield tag="700" ind1="1" ind2=" ">
            <subfield code="a">Schalit, Leon,</subfield>
            <subfield code="d">1884- [from old catalog]</subfield>
            <subfield code="e">tr.</subfield>
        </datafield>
    </record>