
    <record>
        <leader>00984cam a22002411  4500</leader>
        <controlfield tag="001">7829097</controlfield>
        <controlfield tag="005">20130509114548.0</controlfield>
        <controlfield tag="008">720918s1935    xx            000 0 eng  </controlfield>
        <datafield tag="010" ind1=" " ind2=" ">
            <subfield code="a">   35022381 </subfield>
        </datafield>
        <datafield tag="100" ind1="1" ind2=" ">
            <subfield code="a">Galsworthy, John,</subfield>
            <subfield code="d">1867-1933.</subfield>
        </datafield>
        <datafield tag="245" ind1="1" ind2="0">
            <subfield code="a">Forsytes, Pendyces and others,</subfield>
            <subfield code="c">by John Galsworthy; with a foreword by Ada Galsworthy.</subfield>
        </datafield>
        <datafield tag="260" ind1=" " ind2=" ">
            <subfield code="a">New York,</subfield>
            <subfield code="b">C. Scribner's sons,</subfield>
            <subfield code="c">1935.</subfield>
        </datafield>
        <datafield tag="300" ind1=" " ind2=" ">
            <subfield code="a">viii, 287 p.</subfield>
            <subfield code="c">20 cm.</subfield>
        </datafield>
        <datafield tag="500" ind1=" " ind2=" ">
            <subfield code="a">Part one consists of short stories never before published (otherwise than serially) except one, "The doldrums"; part two consists of "Notes on fellow-writers past and present".</subfield>
        </datafield>
        <datafield tag="700" ind1="1" ind2=" ">
            <subfield code="a">Galsworthy, Ada,</subfield>
            <subfield code="d">-1956.</subfield>
        </datafield>
    </record>