
    <record>
        <leader>00676cam a2200217u  4500</leader>
        <controlfield tag="001">5878089</controlfield>
        <controlfield tag="005">20041216183534.0</controlfield>
        <controlfield tag="008">830107s1909    xx      a     000 0 eng  </controlfield>
        <datafield tag="010" ind1=" " ind2=" ">
            <subfield code="a">   09006848 </subfield>
        </datafield>
        <datafield tag="100" ind1="1" ind2=" ">
            <subfield code="a">Galsworthy, John,</subfield>
            <subfield code="d">1867-1933.</subfield>
        </datafield>
        <datafield tag="245" ind1="0" ind2="0">
            <subfield code="a">Fraternity,</subfield>
        </datafield>
        <datafield tag="260" ind1=" " ind2=" ">
            <subfield code="a">New York,</subfield>
            <subfield code="a">London,</subfield>
            <subfield code="b">G.P. Putnam's sons,</subfield>
            <subfield code="c">1909.</subfield>
        </datafield>
        <datafield tag="300" ind1=" " ind2=" ">
            <subfield code="a">vi p., 1 l., 386 p.</subfield>
            <subfield code="c">20 cm.</subfield>
        </datafield>
    </record>