
    <record>
        <leader>00721cam a2200217   4500</leader>
        <controlfield tag="001">1717677</controlfield>
        <controlfield tag="005">19830422000000.0</controlfield>
        <controlfield tag="008">710921r19711923miu           000 1 eng  </controlfield>
        <datafield tag="010" ind1=" " ind2=" ">
            <subfield code="a">   72145029 </subfield>
        </datafield>
        <datafield tag="020" ind1=" " ind2=" ">
            <subfield code="a">0403009766</subfield>
        </datafield>
        <datafield tag="082" ind1="0" ind2="0">
            <subfield code="a">823/.9/12</subfield>
        </datafield>
        <datafield tag="100" ind1="1" ind2=" ">
            <subfield code="a">Galsworthy, John,</subfield>
            <subfield code="d">1867-1933.</subfield>
        </datafield>
        <datafield tag="245" ind1="1" ind2="0">
            <subfield code="a">Fraternity.</subfield>
            <subfield code="c">New York, Scribner, 1923.</subfield>
        </datafield>
        <datafield tag="260" ind1=" " ind2=" ">
            <subfield code="a">St. Clair Shores, Mich.,</subfield>
            <subfield code="b">Scholarly Press,</subfield>
            <subfield code="c">1971.</subfield>
        </datafield>
        <datafield tag="300" ind1=" " ind2=" ">
            <subfield code="a">xv, 479 p.</subfield>
            <subfield code="b">front.</subfield>
            <subfield code="c">21 cm.</subfield>
        </datafield>
        <datafield tag="490" ind1="0" ind2=" ">
            <subfield code="a">His The works of John Galsworthy. Manaton ed.,</subfield>
            <subfield code="v">v. 7</subfield>
        </datafield>
    </record>