
    <record>
        <leader>00656cam a22002051  4500</leader>
        <controlfield tag="001">8707850</controlfield>
        <controlfield tag="005">20041216183524.0</controlfield>
        <controlfield tag="008">720726s1915    nyu           000 1 eng  </controlfield>
        <datafield tag="010" ind1=" " ind2=" ">
            <subfield code="a">   15016896 </subfield>
        </datafield>
        <datafield tag="100" ind1="1" ind2=" ">
            <subfield code="a">Galsworthy, John,</subfield>
            <subfield code="d">1867-1933.</subfield>
        </datafield>
        <datafield tag="245" ind1="1" ind2="4">
            <subfield code="a">The Freelands,</subfield>
            <subfield code="c">by John Galsworthy ...</subfield>
        </datafield>
        <datafield tag="260" ind1=" " ind2=" ">
            <subfield code="a">New York,</subfield>
            <subfield code="b">C. Scribner's Sons,</subfield>
            <subfield code="c">1915.</subfield>
        </datafield>
        <datafield tag="300" ind1=" " ind2=" ">
            <subfield code="a">3 p. l., 412 p.</subfield>
            <subfield code="c">20 cm.</subfield>
        </datafield>
    </record>