
    <record>
        <leader>00802cam a22002413u 4500</leader>
        <controlfield tag="001">7771610</controlfield>
        <controlfield tag="005">20210317152720.0</controlfield>
        <controlfield tag="008">840120s1897    enk           000 0 eng  </controlfield>
        <datafield tag="010" ind1=" " ind2=" ">
            <subfield code="a">   15023111 </subfield>
        </datafield>
        <datafield tag="100" ind1="1" ind2=" ">
            <subfield code="a">Galsworthy, John,</subfield>
            <subfield code="d">1867-1933.</subfield>
        </datafield>
        <datafield tag="240" ind1="1" ind2="0">
            <subfield code="a">Works.</subfield>
            <subfield code="k">Selections.</subfield>
            <subfield code="f">1897</subfield>
        </datafield>
        <datafield tag="245" ind1="1" ind2="0">
            <subfield code="a">From the four winds /</subfield>
            <subfield code="c">by John Sinjohn [pseud.].</subfield>
        </datafield>
        <datafield tag="260" ind1=" " ind2=" ">
            <subfield code="a">London :</subfield>
            <subfield code="b">T. Fischer Unwin,</subfield>
            <subfield code="c">1897.</subfield>
        </datafield>
        <datafield tag="300" ind1=" " ind2=" ">
            <subfield code="a">4 p. l., [3]-246 p.,1 l. ;</subfield>
            <subfield code="c">20 cm.</subfield>
        </datafield>
    </record>