
    <record>
        <leader>02055cam a2200457 a 4500</leader>
        <controlfield tag="001">5327992</controlfield>
        <controlfield tag="005">20090706182309.0</controlfield>
        <controlfield tag="008">980724s1978    cc a          000 1 chi d</controlfield>
        <datafield tag="010" ind1=" " ind2=" ">
            <subfield code="a">   98835027 </subfield>
        </datafield>
        <datafield tag="041" ind1="1" ind2=" ">
            <subfield code="a">chi</subfield>
            <subfield code="h">eng</subfield>
        </datafield>
        <datafield tag="043" ind1=" " ind2=" ">
            <subfield code="a">e-uk-en</subfield>
        </datafield>
        <datafield tag="066" ind1=" " ind2=" ">
            <subfield code="c">$1</subfield>
        </datafield>
        <datafield tag="100" ind1="1" ind2=" ">
            <subfield code="a">Galsworthy, John,</subfield>
            <subfield code="d">1867-1933.</subfield>
        </datafield>
        <datafield tag="240" ind1="1" ind2="0">
            <subfield code="a">Forsyte saga.</subfield>
            <subfield code="l">Chinese</subfield>
        </datafield>
        <datafield tag="245" ind1="1" ind2="0">
            <subfield code="6">880-01</subfield>
            <subfield code="a">Fu'ersai shi jia /</subfield>
            <subfield code="c">Yuehan Gao'ersihuasui ; Zhou Xuliang yi ; Wai guo wen xue ming zhu cong shu bian ji wei yuan hui bian.</subfield>
        </datafield>
        <datafield tag="246" ind1="1" ind2=" ">
            <subfield code="i">Original title on verso of t.p.:</subfield>
            <subfield code="a">Forsyte saga</subfield>
        </datafield>
        <datafield tag="250" ind1=" " ind2=" ">
            <subfield code="6">880-02</subfield>
            <subfield code="a">Xin 1 ban.</subfield>
        </datafield>
        <datafield tag="260" ind1=" " ind2=" ">
            <subfield code="6">880-03</subfield>
            <subfield code="a">Shanghai :</subfield>
            <subfield code="b">Shanghai yi wen chu ban she :</subfield>
            <subfield code="b">Xin hua shu dian Shanghai fa xing suo fa xing,</subfield>
            <subfield code="c">1978</subfield>
            <subfield code="g">(1982 printing).</subfield>
        </datafield>
        <datafield tag="300" ind1=" " ind2=" ">
            <subfield code="a">3 v. :</subfield>
            <subfield code="b">ill. ;</subfield>
            <subfield code="c">21 cm.</subfield>
        </datafield>
        <datafield tag="490" ind1="1" ind2=" ">
            <subfield code="6">880-04</subfield>
            <subfield code="a">Wai  guo wen  xue ming zhu cong shu</subfield>
        </datafield>
        <datafield tag="700" ind1="1" ind2=" ">
            <subfield code="6">880-05</subfield>
            <subfield code="a">Zhou, Xuliang.</subfield>
        </datafield>
        <datafield tag="710" ind1="2" ind2=" ">
            <subfield code="6">880-06</subfield>
            <subfield code="a">Wai guo wen xue ming zhu cong shu bian ji wei yuan hui (China)</subfield>
        </datafield>
        <datafield tag="830" ind1=" " ind2="0">
            <subfield code="6">880-07</subfield>
            <subfield code="a">Wai guo wen xue ming zhu cong shu (Shanghai yi wen chu ban she)</subfield>
        </datafield>
    </record>