
    <record>
        <leader>00706cam a22002171  4500</leader>
        <controlfield tag="001">7766470</controlfield>
        <controlfield tag="005">20050730195025.0</controlfield>
        <controlfield tag="008">811201s1913    enk           000 0 eng  </controlfield>
        <datafield tag="010" ind1=" " ind2=" ">
            <subfield code="a">   13022361 </subfield>
        </datafield>
        <datafield tag="100" ind1="1" ind2=" ">
            <subfield code="a">Galsworthy, John,</subfield>
            <subfield code="d">1867-1933.</subfield>
        </datafield>
        <datafield tag="245" ind1="1" ind2="4">
            <subfield code="a">The fugitive;</subfield>
            <subfield code="b">a play in four acts,</subfield>
            <subfield code="c">by John Galsworthy.</subfield>
        </datafield>
        <datafield tag="260" ind1=" " ind2=" ">
            <subfield code="a">London,</subfield>
            <subfield code="b">Duckworth and Co.,</subfield>
            <subfield code="c">1913.</subfield>
        </datafield>
        <datafield tag="300" ind1=" " ind2=" ">
            <subfield code="a">4 p. l., 95 p.</subfield>
            <subfield code="c">17 cm.</subfield>
        </datafield>
    </record>