
    <record>
        <leader>01122cam a22002771  4500</leader>
        <controlfield tag="001">1227687</controlfield>
        <controlfield tag="005">20090706182318.0</controlfield>
        <controlfield tag="008">740606t19681967nyu      b    000 0aeng  </controlfield>
        <datafield tag="010" ind1=" " ind2=" ">
            <subfield code="a">   67024054 </subfield>
        </datafield>
        <datafield tag="100" ind1="1" ind2=" ">
            <subfield code="a">Galsworthy, John,</subfield>
            <subfield code="d">1867-1933.</subfield>
        </datafield>
        <datafield tag="240" ind1="1" ind2="0">
            <subfield code="a">Selected works</subfield>
        </datafield>
        <datafield tag="245" ind1="1" ind2="4">
            <subfield code="a">The Galsworthy reader,</subfield>
            <subfield code="c">edited by Anthony West.</subfield>
        </datafield>
        <datafield tag="260" ind1=" " ind2=" ">
            <subfield code="a">New York,</subfield>
            <subfield code="b">Scribner</subfield>
            <subfield code="c">[1968, c1967]</subfield>
        </datafield>
        <datafield tag="300" ind1=" " ind2=" ">
            <subfield code="a">xxi, 702 p.</subfield>
            <subfield code="c">22 cm.</subfield>
        </datafield>
        <datafield tag="504" ind1=" " ind2=" ">
            <subfield code="a">Bibliographical footnotes.</subfield>
        </datafield>
        <datafield tag="505" ind1="0" ind2=" ">
            <subfield code="a">The consummation.--The meeting.--The man of property.--The silver box.--From The country house.--From Fraternity.--Justice.--Indian summer of a Forsyte.--A stoic.--Virtue.--From Swan song.</subfield>
        </datafield>
        <datafield tag="700" ind1="1" ind2=" ">
            <subfield code="a">West, Anthony,</subfield>
            <subfield code="d">1914-1987,</subfield>
            <subfield code="e">ed.</subfield>
        </datafield>
    </record>