
    <record>
        <leader>00572cam a2200181u  4500</leader>
        <controlfield tag="001">10181133</controlfield>
        <controlfield tag="005">20141020140617.0</controlfield>
        <controlfield tag="008">821217s1937    enkh          000 0 eng  </controlfield>
        <datafield tag="010" ind1=" " ind2=" ">
            <subfield code="a">   38014122 </subfield>
        </datafield>
        <datafield tag="100" ind1="1" ind2=" ">
            <subfield code="a">Galsworthy, John,</subfield>
            <subfield code="d">1867-1933.</subfield>
        </datafield>
        <datafield tag="245" ind1="1" ind2="0">
            <subfield code="a">Glimpses &amp; reflections.</subfield>
        </datafield>
        <datafield tag="260" ind1=" " ind2=" ">
            <subfield code="a">London,</subfield>
            <subfield code="a">Toronto,</subfield>
            <subfield code="b">W. Heinemann, ltd.</subfield>
            <subfield code="c">[1937]</subfield>
        </datafield>
        <datafield tag="300" ind1=" " ind2=" ">
            <subfield code="a">3 p.l., 3-337 p.</subfield>
            <subfield code="b">facsim.</subfield>
            <subfield code="c">22 cm.</subfield>
        </datafield>
    </record>