
    <record>
        <leader>01432nam a22003737a 4500</leader>
        <controlfield tag="001">3539967</controlfield>
        <controlfield tag="005">19960418053349.5</controlfield>
        <controlfield tag="007">hduafb---bacp</controlfield>
        <controlfield tag="007">hdubfb---baap</controlfield>
        <controlfield tag="008">960418s1952    ii      a     000 0 hin  </controlfield>
        <datafield tag="010" ind1=" " ind2=" ">
            <subfield code="a">   96907016 </subfield>
        </datafield>
        <datafield tag="025" ind1=" " ind2=" ">
            <subfield code="a">NBIL-18903</subfield>
        </datafield>
        <datafield tag="041" ind1="1" ind2=" ">
            <subfield code="a">hin</subfield>
            <subfield code="h">eng</subfield>
        </datafield>
        <datafield tag="100" ind1="1" ind2=" ">
            <subfield code="a">Galsworthy, John,</subfield>
            <subfield code="d">1867-1933.</subfield>
        </datafield>
        <datafield tag="240" ind1="1" ind2="0">
            <subfield code="a">Strife.</subfield>
            <subfield code="l">Hindi</subfield>
        </datafield>
        <datafield tag="245" ind1="1" ind2="0">
            <subfield code="a">Haṛatāla</subfield>
            <subfield code="h">[microform] /</subfield>
            <subfield code="c">Jāna Gālsavardī ke "Sṭrāipha" nāmaka tīna aṅkoṃ ke nāṭaka kā Hindī anuvāda ; anuvādaka Premacanda.</subfield>
        </datafield>
        <datafield tag="250" ind1=" " ind2=" ">
            <subfield code="a">3. saṃskaraṇa.</subfield>
        </datafield>
        <datafield tag="260" ind1=" " ind2=" ">
            <subfield code="a">Ilāhābāda :</subfield>
            <subfield code="b">Hindustānī Ekeḍemī,</subfield>
            <subfield code="c">1952.</subfield>
        </datafield>
        <datafield tag="300" ind1=" " ind2=" ">
            <subfield code="a">102 p. ;</subfield>
            <subfield code="c">18 cm.</subfield>
        </datafield>
        <datafield tag="500" ind1=" " ind2=" ">
            <subfield code="a">Master microform held by: ICRL.</subfield>
        </datafield>
        <datafield tag="500" ind1=" " ind2=" ">
            <subfield code="a">Play.</subfield>
        </datafield>
        <datafield tag="546" ind1=" " ind2=" ">
            <subfield code="a">In Hindi.</subfield>
        </datafield>
        <datafield tag="700" ind1="0" ind2=" ">
            <subfield code="a">Premacanda,</subfield>
            <subfield code="d">1881-1936.</subfield>
        </datafield>
        <datafield tag="830" ind1=" " ind2="0">
            <subfield code="a">SAMP early 20th-century Indian books project ;</subfield>
            <subfield code="v">item 18903.</subfield>
        </datafield>
    </record>