
    <record>
        <leader>00546cam a2200181u  4500</leader>
        <controlfield tag="001">8265612</controlfield>
        <controlfield tag="005">20041216182608.0</controlfield>
        <controlfield tag="008">821020s1921    enk           000 0 eng  </controlfield>
        <datafield tag="010" ind1=" " ind2=" ">
            <subfield code="a">   25022197 </subfield>
        </datafield>
        <datafield tag="100" ind1="1" ind2=" ">
            <subfield code="a">Galsworthy, John,</subfield>
            <subfield code="d">1867-1933.</subfield>
        </datafield>
        <datafield tag="245" ind1="1" ind2="0">
            <subfield code="a">In chancery ...</subfield>
        </datafield>
        <datafield tag="260" ind1=" " ind2=" ">
            <subfield code="a">London,</subfield>
            <subfield code="b">W. Heinemann,</subfield>
            <subfield code="c">1921.</subfield>
        </datafield>
        <datafield tag="300" ind1=" " ind2=" ">
            <subfield code="a">viii, 328 p.</subfield>
            <subfield code="c">18 cm.</subfield>
        </datafield>
    </record>