
    <record>
        <leader>00881cam a2200253   4500</leader>
        <controlfield tag="001">3601652</controlfield>
        <controlfield tag="005">19821209000000.0</controlfield>
        <controlfield tag="008">710512s1970    enkac         000 0 eng  </controlfield>
        <datafield tag="010" ind1=" " ind2=" ">
            <subfield code="a">   70553270 </subfield>
        </datafield>
        <datafield tag="082" ind1="0" ind2="0">
            <subfield code="a">828/.9/1208</subfield>
        </datafield>
        <datafield tag="100" ind1="1" ind2=" ">
            <subfield code="a">Galsworthy, John,</subfield>
            <subfield code="d">1867-1933.</subfield>
        </datafield>
        <datafield tag="240" ind1="1" ind2="0">
            <subfield code="a">Galsworthy, John, 1867-1933.</subfield>
            <subfield code="k">Selections</subfield>
        </datafield>
        <datafield tag="245" ind1="1" ind2="4">
            <subfield code="a">The inn of tranquillity and other impressions.</subfield>
            <subfield code="b">Satires. Studies of extravagance.</subfield>
            <subfield code="c">Original illus. by Peter Whiteman.</subfield>
        </datafield>
        <datafield tag="260" ind1=" " ind2=" ">
            <subfield code="a">[London]</subfield>
            <subfield code="b">Distributed by Heron Books</subfield>
            <subfield code="c">[1970]</subfield>
        </datafield>
        <datafield tag="300" ind1=" " ind2=" ">
            <subfield code="a">315 p.</subfield>
            <subfield code="b">illus., port.</subfield>
            <subfield code="c">21 cm.</subfield>
        </datafield>
        <datafield tag="490" ind1="0" ind2=" ">
            <subfield code="a">His Collected works</subfield>
        </datafield>
        <datafield tag="740" ind1=" " ind2=" ">
            <subfield code="a">Satires.</subfield>
        </datafield>
        <datafield tag="740" ind1=" " ind2=" ">
            <subfield code="a">Studies of extravagance.</subfield>
        </datafield>
    </record>