
    <record>
        <leader>01392cam a22002651  4500</leader>
        <controlfield tag="001">9670477</controlfield>
        <controlfield tag="005">20050514113144.0</controlfield>
        <controlfield tag="008">850618r19241912enk           000 0 eng  </controlfield>
        <datafield tag="010" ind1=" " ind2=" ">
            <subfield code="a">   25022193 </subfield>
        </datafield>
        <datafield tag="100" ind1="1" ind2=" ">
            <subfield code="a">Galsworthy, John,</subfield>
            <subfield code="d">1867-1933.</subfield>
        </datafield>
        <datafield tag="245" ind1="1" ind2="4">
            <subfield code="a">The Inn of tranquillity;</subfield>
            <subfield code="b">studies and essays ...</subfield>
        </datafield>
        <datafield tag="260" ind1=" " ind2=" ">
            <subfield code="a">London,</subfield>
            <subfield code="b">W. Heinemann Ltd.,</subfield>
            <subfield code="c">1924.</subfield>
        </datafield>
        <datafield tag="300" ind1=" " ind2=" ">
            <subfield code="a">6 p. l., 3-278 p.</subfield>
            <subfield code="c">18 cm.</subfield>
        </datafield>
        <datafield tag="490" ind1="0" ind2=" ">
            <subfield code="a">The works of John Galsworthy.</subfield>
            <subfield code="v">[v. 16]</subfield>
        </datafield>
        <datafield tag="500" ind1=" " ind2=" ">
            <subfield code="a">"First published October, 1912."</subfield>
        </datafield>
        <datafield tag="500" ind1=" " ind2=" ">
            <subfield code="a">Partly reprinted from various periodicals.</subfield>
        </datafield>
        <datafield tag="505" ind1="0" ind2=" ">
            <subfield code="a">Concerning life: The Inn of tranquillity. Quality. Magpie over the hill. Sheep--shearing. Evolution. Riding in mist. The procession. A Christian. Wind in the rocks. My distant relative. The black godmother. The grand jury. Gone. Threshing. That old--time place. Romance--three gleams. Memories. Felicity.--Concerning letters: The novelist's allegory. Some platitudes concerning dama. Meditation of finality. Wanted--schooling. On our dislike of things as they are. The windlestraw. About censorship. Vague thoughts on art.</subfield>
        </datafield>
    </record>