
    <record>
        <leader>01591cam a22003133u 4500</leader>
        <controlfield tag="001">6826425</controlfield>
        <controlfield tag="005">20210317152518.0</controlfield>
        <controlfield tag="007">cr_|||||||||||</controlfield>
        <controlfield tag="008">821020s1912    nyu           000 0 eng  </controlfield>
        <datafield tag="010" ind1=" " ind2=" ">
            <subfield code="a">   12024514 </subfield>
        </datafield>
        <datafield tag="100" ind1="1" ind2=" ">
            <subfield code="a">Galsworthy, John,</subfield>
            <subfield code="d">1867-1933.</subfield>
        </datafield>
        <datafield tag="240" ind1="1" ind2="0">
            <subfield code="a">Works.</subfield>
            <subfield code="k">Selections.</subfield>
            <subfield code="f">1912</subfield>
        </datafield>
        <datafield tag="245" ind1="1" ind2="4">
            <subfield code="a">The Inn of tranquillity :</subfield>
            <subfield code="b">studies and essays /</subfield>
            <subfield code="c">by John Galsworthy ...</subfield>
        </datafield>
        <datafield tag="260" ind1=" " ind2=" ">
            <subfield code="a">New York,</subfield>
            <subfield code="b">C. Scribner's Sons,</subfield>
            <subfield code="c">1912.</subfield>
        </datafield>
        <datafield tag="300" ind1=" " ind2=" ">
            <subfield code="a">x, 278 p. ;</subfield>
            <subfield code="c">20 cm.</subfield>
        </datafield>
        <datafield tag="505" ind1="0" ind2=" ">
            <subfield code="a">Concerning life : The Inn of tranquillity. Quality. Magpie over the hill. Sheep-shearing. Evolution. Riding in mist. The procession. A Christian. Wind in the rocks. My distant relative. The black god-mother. The grand jury. Gone. Threshing. That old-time place. Romance -- three gleams. Memories. Felicity.--Concerning letters : A novelist's allegory. Some platitudes concerning drama. Meditation on finality. Wanted -- schooling. On our dislikes of things as they are. The windlestraw. About censorship. Vague thoughts on art.</subfield>
        </datafield>
        <datafield tag="530" ind1=" " ind2=" ">
            <subfield code="a">Also available in digital form.</subfield>
        </datafield>
    </record>