
    <record>
        <leader>00700cam a2200217   4500</leader>
        <controlfield tag="001">773188</controlfield>
        <controlfield tag="005">19830120000000.0</controlfield>
        <controlfield tag="008">701123r19701914miu           000 0 eng  </controlfield>
        <datafield tag="010" ind1=" " ind2=" ">
            <subfield code="a">   72131715 </subfield>
        </datafield>
        <datafield tag="020" ind1=" " ind2=" ">
            <subfield code="a">0403006023</subfield>
        </datafield>
        <datafield tag="082" ind1="0" ind2="0">
            <subfield code="a">823/.9/12</subfield>
        </datafield>
        <datafield tag="100" ind1="1" ind2=" ">
            <subfield code="a">Galsworthy, John,</subfield>
            <subfield code="d">1867-1933.</subfield>
        </datafield>
        <datafield tag="240" ind1="1" ind2="0">
            <subfield code="a">Selected works</subfield>
        </datafield>
        <datafield tag="245" ind1="1" ind2="4">
            <subfield code="a">The Inn of tranquillity;</subfield>
            <subfield code="b">studies and essays.</subfield>
            <subfield code="c">New York, Scribner, 1914.</subfield>
        </datafield>
        <datafield tag="260" ind1=" " ind2=" ">
            <subfield code="a">St. Clair Shores, Mich.,</subfield>
            <subfield code="b">Scholarly Press,</subfield>
            <subfield code="c">1970 [c1912]</subfield>
        </datafield>
        <datafield tag="300" ind1=" " ind2=" ">
            <subfield code="a">x, 278 p.</subfield>
            <subfield code="c">22 cm.</subfield>
        </datafield>
    </record>