
    <record>
        <leader>01647ccm a22003734i 4500</leader>
        <controlfield tag="001">19478191</controlfield>
        <controlfield tag="005">20170203123712.0</controlfield>
        <controlfield tag="008">170203s2011    nyumck|        n  | eng  </controlfield>
        <datafield tag="010" ind1=" " ind2=" ">
            <subfield code="a">  2016563035</subfield>
        </datafield>
        <datafield tag="037" ind1=" " ind2=" ">
            <subfield code="a">Rental material</subfield>
            <subfield code="b">Samuel French</subfield>
        </datafield>
        <datafield tag="130" ind1="0" ind2=" ">
            <subfield code="a">Nutty Nutcracker Christmas (Musical)</subfield>
        </datafield>
        <datafield tag="245" ind1="1" ind2="0">
            <subfield code="a">A nutty Nutcracker Christmas :</subfield>
            <subfield code="b">a holiday musical /</subfield>
            <subfield code="c">by Ralph Covert and G. Riley Mills.</subfield>
        </datafield>
        <datafield tag="264" ind1=" " ind2="1">
            <subfield code="a">New York :</subfield>
            <subfield code="b">Samuel French,</subfield>
            <subfield code="c">[2011]</subfield>
        </datafield>
        <datafield tag="300" ind1=" " ind2=" ">
            <subfield code="a">1 vocal score (various pagings) ;</subfield>
            <subfield code="c">28 cm</subfield>
        </datafield>
        <datafield tag="336" ind1=" " ind2=" ">
            <subfield code="a">notated music</subfield>
            <subfield code="b">ntm</subfield>
            <subfield code="2">rdacontent</subfield>
        </datafield>
        <datafield tag="337" ind1=" " ind2=" ">
            <subfield code="a">unmediated</subfield>
            <subfield code="b">n</subfield>
            <subfield code="2">rdamedia</subfield>
        </datafield>
        <datafield tag="338" ind1=" " ind2=" ">
            <subfield code="a">volume</subfield>
            <subfield code="b">nc</subfield>
            <subfield code="2">rdacarrier</subfield>
        </datafield>
        <datafield tag="500" ind1=" " ind2=" ">
            <subfield code="a">Piano and vocals; with chord symbols.</subfield>
        </datafield>
        <datafield tag="505" ind1="0" ind2=" ">
            <subfield code="a">Christmas Eve in our house -- I'm a natural -- A game about a boy -- Tell me more (before it's too late) -- Welcome to Christmas Wood -- Let's ruin Christmas -- Wind-up ballet -- Don't say impossible -- Almost Christmas morning -- Welcome to Christmas Wood reprise</subfield>
        </datafield>
        <datafield tag="546" ind1=" " ind2=" ">
            <subfield code="a">English words.</subfield>
        </datafield>
        <datafield tag="546" ind1=" " ind2=" ">
            <subfield code="b">Staff notation.</subfield>
        </datafield>
        <datafield tag="700" ind1="1" ind2=" ">
            <subfield code="a">Covert, Ralph,</subfield>
            <subfield code="e">composer,</subfield>
            <subfield code="e">lyricist,</subfield>
            <subfield code="e">author.</subfield>
        </datafield>
        <datafield tag="700" ind1="1" ind2=" ">
            <subfield code="a">Mills, G. Riley,</subfield>
            <subfield code="e">composer,</subfield>
            <subfield code="e">lyricist,</subfield>
            <subfield code="e">author.</subfield>
        </datafield>
        <datafield tag="700" ind1="1" ind2=" ">
            <subfield code="i">Based on (work):</subfield>
            <subfield code="a">Hoffmann, E. T. A.</subfield>
            <subfield code="q">(Ernst Theodor Amadeus),</subfield>
            <subfield code="d">1776-1822.</subfield>
            <subfield code="t">Nussknacker und Mausekönig.</subfield>
            <subfield code="l">English.</subfield>
        </datafield>
    </record>