
    <record>
        <leader>02280nkd a22004575a 4500</leader>
        <controlfield tag="001">19514697</controlfield>
        <controlfield tag="005">20170223115725.0</controlfield>
        <controlfield tag="007">cr||||||||||||</controlfield>
        <controlfield tag="007">kg||||</controlfield>
        <controlfield tag="008">161207s1918    xx nnn       u|   kneng  </controlfield>
        <datafield tag="010" ind1=" " ind2=" ">
            <subfield code="a">  2017675416</subfield>
        </datafield>
        <datafield tag="037" ind1=" " ind2=" ">
            <subfield code="a">LC-DIG-anrc-09647</subfield>
            <subfield code="b">DLC</subfield>
            <subfield code="c">(digital file from original)</subfield>
        </datafield>
        <datafield tag="245" ind1="0" ind2="4">
            <subfield code="a">The A.R.C. Cantine at Rue St. Hyacinte. The Baroness Casteilli is in charge, assisted by Miss Hunt and Miss Williams. The rooms were very prettily decorated on this Christmas Day (1918) and the men were most enthusiastic about the good time they had, for next to being own homes, they were happy to spend the day with "The Greatest Mother in the World"</subfield>
            <subfield code="h">[graphic].</subfield>
        </datafield>
        <datafield tag="260" ind1=" " ind2=" ">
            <subfield code="c">December 25, 1918.</subfield>
        </datafield>
        <datafield tag="300" ind1=" " ind2=" ">
            <subfield code="a">1 negative :</subfield>
            <subfield code="b">glass ;</subfield>
            <subfield code="c">5 x 7 in.</subfield>
        </datafield>
        <datafield tag="336" ind1=" " ind2=" ">
            <subfield code="a">still image</subfield>
            <subfield code="b">sti</subfield>
            <subfield code="2">rdacontent</subfield>
        </datafield>
        <datafield tag="337" ind1=" " ind2=" ">
            <subfield code="a">unmediated</subfield>
            <subfield code="b">n</subfield>
            <subfield code="2">rdamedia</subfield>
        </datafield>
        <datafield tag="338" ind1=" " ind2=" ">
            <subfield code="a">sheet</subfield>
            <subfield code="b">nb</subfield>
            <subfield code="2">rdacarrier</subfield>
        </datafield>
        <datafield tag="500" ind1=" " ind2=" ">
            <subfield code="a">Data: Ex. Dec. 15, National Geog.</subfield>
        </datafield>
        <datafield tag="500" ind1=" " ind2=" ">
            <subfield code="a">Group title: Canteen U.S. in France.</subfield>
        </datafield>
        <datafield tag="500" ind1=" " ind2=" ">
            <subfield code="a">On caption card: 25 December 1918, 19 February 1919, date received.</subfield>
        </datafield>
        <datafield tag="500" ind1=" " ind2=" ">
            <subfield code="a">Title and notes from Red Cross caption card.</subfield>
        </datafield>
        <datafield tag="540" ind1=" " ind2=" ">
            <subfield code="a">No known restrictions on publication. For information, see "American National Red Cross photograph collection,"</subfield>
            <subfield code="u">http://www.loc.gov/rr/print/res/717_anrc.html</subfield>
        </datafield>
        <datafield tag="541" ind1=" " ind2=" ">
            <subfield code="c">Gift;</subfield>
            <subfield code="a">American National Red Cross</subfield>
            <subfield code="d">1944 and 1952.</subfield>
        </datafield>
        <datafield tag="545" ind1=" " ind2=" ">
            <subfield code="a">General information about the American National Red Cross photograph collection is available at</subfield>
            <subfield code="u">http://hdl.loc.gov/loc.pnp/pp.anrc</subfield>
        </datafield>
        <datafield tag="610" ind1="2" ind2="0">
            <subfield code="a">American Red Cross.</subfield>
        </datafield>
        <datafield tag="752" ind1=" " ind2=" ">
            <subfield code="a">France</subfield>
            <subfield code="d">Paris.</subfield>
            <subfield code="2">local</subfield>
        </datafield>
        <datafield tag="773" ind1="0" ind2=" ">
            <subfield code="t">American National Red Cross photograph collection (Library of Congress)</subfield>
            <subfield code="w">(DLC) 2009632518</subfield>
        </datafield>
    </record>