
    <record>
        <leader>00632cam a2200205u  4500</leader>
        <controlfield tag="001">8823573</controlfield>
        <controlfield tag="005">20000203162700.0</controlfield>
        <controlfield tag="008">830910q19001948gw            000 0 ger  </controlfield>
        <datafield tag="010" ind1=" " ind2=" ">
            <subfield code="a">   48041956 </subfield>
        </datafield>
        <datafield tag="100" ind1="1" ind2=" ">
            <subfield code="a">Galsworthy, John,</subfield>
            <subfield code="d">1867-1933.</subfield>
        </datafield>
        <datafield tag="240" ind1="0" ind2="0">
            <subfield code="a">Beyond. German. [from old catalog]</subfield>
        </datafield>
        <datafield tag="245" ind1="1" ind2="0">
            <subfield code="a">Jenseits, Roman.</subfield>
        </datafield>
        <datafield tag="260" ind1=" " ind2=" ">
            <subfield code="a">Berlin,</subfield>
            <subfield code="b">T. Knaur Nachf.</subfield>
            <subfield code="c">[19--]</subfield>
        </datafield>
        <datafield tag="300" ind1=" " ind2=" ">
            <subfield code="a">382 p.</subfield>
            <subfield code="c">20 cm.</subfield>
        </datafield>
        <datafield tag="830" ind1=" " ind2="0">
            <subfield code="a">R[omane] d[er] W[elt] [from old catalog]</subfield>
        </datafield>
    </record>