
    <record>
        <leader>00608nam a2200205   4500</leader>
        <controlfield tag="001">3669089</controlfield>
        <controlfield tag="005">19730103000000.0</controlfield>
        <controlfield tag="008">721227s1972    miu           000 1 eng  </controlfield>
        <datafield tag="010" ind1=" " ind2=" ">
            <subfield code="a">   77145030 </subfield>
        </datafield>
        <datafield tag="020" ind1=" " ind2=" ">
            <subfield code="a">0403009774</subfield>
        </datafield>
        <datafield tag="082" ind1="0" ind2="0">
            <subfield code="a">823/.9/12</subfield>
        </datafield>
        <datafield tag="100" ind1="1" ind2=" ">
            <subfield code="a">Galsworthy, John,</subfield>
            <subfield code="d">1867-1933.</subfield>
        </datafield>
        <datafield tag="245" ind1="1" ind2="0">
            <subfield code="a">Jocelyn.</subfield>
        </datafield>
        <datafield tag="260" ind1=" " ind2=" ">
            <subfield code="a">St. Clair Shores, Mich.,</subfield>
            <subfield code="b">Scholarly Press,</subfield>
            <subfield code="c">1972.</subfield>
        </datafield>
        <datafield tag="300" ind1=" " ind2=" ">
            <subfield code="a">309 p.</subfield>
            <subfield code="c">22 cm.</subfield>
        </datafield>
    </record>