
    <record>
        <leader>00600nam a2200205   4500</leader>
        <controlfield tag="001">3130438</controlfield>
        <controlfield tag="005">19711028000000.0</controlfield>
        <controlfield tag="008">711022s1971    ctu           000 1 eng  </controlfield>
        <datafield tag="010" ind1=" " ind2=" ">
            <subfield code="a">   71098836 </subfield>
        </datafield>
        <datafield tag="020" ind1=" " ind2=" ">
            <subfield code="a">0837131014</subfield>
        </datafield>
        <datafield tag="082" ind1="0" ind2="0">
            <subfield code="a">823/.9/12</subfield>
        </datafield>
        <datafield tag="100" ind1="1" ind2=" ">
            <subfield code="a">Galsworthy, John,</subfield>
            <subfield code="d">1867-1933.</subfield>
        </datafield>
        <datafield tag="245" ind1="1" ind2="0">
            <subfield code="a">Jocelyn.</subfield>
        </datafield>
        <datafield tag="260" ind1=" " ind2=" ">
            <subfield code="a">Westport, Conn.,</subfield>
            <subfield code="b">Greenwood Press</subfield>
            <subfield code="c">[1971]</subfield>
        </datafield>
        <datafield tag="300" ind1=" " ind2=" ">
            <subfield code="a">309 p.</subfield>
            <subfield code="c">23 cm.</subfield>
        </datafield>
    </record>