
    <record>
        <leader>00710nam a2200217 i 4500</leader>
        <controlfield tag="001">3671141</controlfield>
        <controlfield tag="005">19770609000000.0</controlfield>
        <controlfield tag="008">770606s1976    enk           000 1 eng  </controlfield>
        <datafield tag="010" ind1=" " ind2=" ">
            <subfield code="a">   77362260 </subfield>
        </datafield>
        <datafield tag="020" ind1=" " ind2=" ">
            <subfield code="a">0283982446 :</subfield>
            <subfield code="c">£3.95</subfield>
        </datafield>
        <datafield tag="082" ind1="0" ind2="0">
            <subfield code="a">823/.9/12</subfield>
        </datafield>
        <datafield tag="100" ind1="1" ind2=" ">
            <subfield code="a">Galsworthy, John,</subfield>
            <subfield code="d">1867-1933.</subfield>
        </datafield>
        <datafield tag="245" ind1="1" ind2="0">
            <subfield code="a">Jocelyn /</subfield>
            <subfield code="c">[by] John Galsworthy ; introduction by Catherine Dupré.</subfield>
        </datafield>
        <datafield tag="260" ind1=" " ind2=" ">
            <subfield code="a">London :</subfield>
            <subfield code="b">Duckworth : Sidgwick and Jackson,</subfield>
            <subfield code="c">1976.</subfield>
        </datafield>
        <datafield tag="300" ind1=" " ind2=" ">
            <subfield code="a">3-174 p. ;</subfield>
            <subfield code="c">23 cm.</subfield>
        </datafield>
    </record>