
    <record>
        <leader>00813cam a22002531  4500</leader>
        <controlfield tag="001">7303592</controlfield>
        <controlfield tag="005">20200115180536.0</controlfield>
        <controlfield tag="008">790716s1898    enk           000 0 eng  </controlfield>
        <datafield tag="010" ind1=" " ind2=" ">
            <subfield code="a">   15023109 </subfield>
        </datafield>
        <datafield tag="100" ind1="1" ind2=" ">
            <subfield code="a">Galsworthy, John,</subfield>
            <subfield code="d">1867-1933.</subfield>
        </datafield>
        <datafield tag="245" ind1="1" ind2="0">
            <subfield code="a">Jocelyn,</subfield>
            <subfield code="c">by John Sinjohn [pseud.] ...</subfield>
        </datafield>
        <datafield tag="260" ind1=" " ind2=" ">
            <subfield code="a">London :</subfield>
            <subfield code="b">Duckworth &amp; Co.,</subfield>
            <subfield code="c">1898.</subfield>
        </datafield>
        <datafield tag="300" ind1=" " ind2=" ">
            <subfield code="a">4 p. l., 309 p.</subfield>
            <subfield code="c">20 cm.</subfield>
        </datafield>
    </record>