
    <record>
        <leader>00968cpcaa2200301   4500</leader>
        <controlfield tag="001">5805191</controlfield>
        <controlfield tag="005">20190110145532.0</controlfield>
        <controlfield tag="008">790601||||||||||||                 eng  </controlfield>
        <datafield tag="010" ind1=" " ind2=" ">
            <subfield code="a">mm 79003438 </subfield>
        </datafield>
        <datafield tag="024" ind1="7" ind2=" ">
            <subfield code="a">MSS3438</subfield>
            <subfield code="2">lcmd</subfield>
        </datafield>
        <datafield tag="072" ind1=" " ind2="7">
            <subfield code="a">L</subfield>
            <subfield code="2">lcmd</subfield>
        </datafield>
        <datafield tag="090" ind1=" " ind2=" ">
            <subfield code="a">MMC</subfield>
        </datafield>
        <datafield tag="100" ind1="1" ind2=" ">
            <subfield code="a">Galsworthy, John,</subfield>
            <subfield code="d">1867-1933.</subfield>
        </datafield>
        <datafield tag="245" ind1="0" ind2="0">
            <subfield code="a">John Galsworthy collection,</subfield>
            <subfield code="f">circa 1926.</subfield>
        </datafield>
        <datafield tag="246" ind1="1" ind2=" ">
            <subfield code="a">John Galsworthy papers</subfield>
        </datafield>
        <datafield tag="300" ind1=" " ind2=" ">
            <subfield code="a">2</subfield>
            <subfield code="f">items.</subfield>
        </datafield>
        <datafield tag="506" ind1="0" ind2=" ">
            <subfield code="a">Open to research.</subfield>
        </datafield>
        <datafield tag="541" ind1=" " ind2=" ">
            <subfield code="c">Purchase,</subfield>
            <subfield code="d">1946.</subfield>
        </datafield>
        <datafield tag="545" ind1="0" ind2=" ">
            <subfield code="a">Novelist and dramatist.</subfield>
        </datafield>
        <datafield tag="546" ind1=" " ind2=" ">
            <subfield code="a">Collection material in English.</subfield>
        </datafield>
        <datafield tag="580" ind1=" " ind2=" ">
            <subfield code="a">Forms part of: Miscellaneous Manuscripts collection.</subfield>
        </datafield>
    </record>