
    <record>
        <leader>00863cam a22002651  4500</leader>
        <controlfield tag="001">6819319</controlfield>
        <controlfield tag="005">20190113105539.0</controlfield>
        <controlfield tag="007">cr_|||||||||||</controlfield>
        <controlfield tag="008">720726s1910    nyu           000 0 eng  </controlfield>
        <datafield tag="010" ind1=" " ind2=" ">
            <subfield code="a">   10023214 </subfield>
        </datafield>
        <datafield tag="100" ind1="1" ind2=" ">
            <subfield code="a">Galsworthy, John,</subfield>
            <subfield code="d">1867-1933.</subfield>
        </datafield>
        <datafield tag="245" ind1="1" ind2="0">
            <subfield code="a">Justice;</subfield>
            <subfield code="b">a tragedy in four acts,</subfield>
            <subfield code="c">by John Galsworthy.</subfield>
        </datafield>
        <datafield tag="260" ind1=" " ind2=" ">
            <subfield code="a">New York,</subfield>
            <subfield code="b">C. Scribner's Sons,</subfield>
            <subfield code="c">1910.</subfield>
        </datafield>
        <datafield tag="300" ind1=" " ind2=" ">
            <subfield code="a">4 p. l., 109 p.</subfield>
            <subfield code="c">19 cm.</subfield>
        </datafield>
        <datafield tag="530" ind1=" " ind2=" ">
            <subfield code="a">Also available in digital form.</subfield>
        </datafield>
    </record>