
    <record>
        <leader>00584cam a2200193u  4500</leader>
        <controlfield tag="001">8366524</controlfield>
        <controlfield tag="005">20000203162102.0</controlfield>
        <controlfield tag="008">831018s1939    no            000 0 dan  </controlfield>
        <datafield tag="010" ind1=" " ind2=" ">
            <subfield code="a">   50046627 </subfield>
        </datafield>
        <datafield tag="100" ind1="1" ind2=" ">
            <subfield code="a">Galsworthy, John,</subfield>
            <subfield code="d">1867-1933.</subfield>
        </datafield>
        <datafield tag="240" ind1="0" ind2="0">
            <subfield code="a">Beyond. Norwegian. [from old catalog]</subfield>
        </datafield>
        <datafield tag="245" ind1="1" ind2="0">
            <subfield code="a">Kjærlighet over alle grenser.</subfield>
        </datafield>
        <datafield tag="260" ind1=" " ind2=" ">
            <subfield code="a">[Oslo]</subfield>
            <subfield code="b">Cappelen</subfield>
            <subfield code="c">[1939]</subfield>
        </datafield>
        <datafield tag="300" ind1=" " ind2=" ">
            <subfield code="a">277 p.</subfield>
            <subfield code="c">19 cm.</subfield>
        </datafield>
    </record>