
    <record>
        <leader>00744cam a2200205u  4500</leader>
        <controlfield tag="001">9680285</controlfield>
        <controlfield tag="005">20080619163736.0</controlfield>
        <controlfield tag="008">831019s1928    gw            000 0 ger  </controlfield>
        <datafield tag="010" ind1=" " ind2=" ">
            <subfield code="a">   29010503 </subfield>
        </datafield>
        <datafield tag="100" ind1="1" ind2=" ">
            <subfield code="a">Galsworthy, John,</subfield>
            <subfield code="d">1867-1933.</subfield>
        </datafield>
        <datafield tag="240" ind1="0" ind2="0">
            <subfield code="a">Selected works. German. [from old catalog]</subfield>
        </datafield>
        <datafield tag="245" ind1="1" ind2="4">
            <subfield code="a">Ein kommentar, menschen und schatten;</subfield>
            <subfield code="c">autorisierte übersetzung aus dem englischen von Leon Schalit.</subfield>
        </datafield>
        <datafield tag="260" ind1=" " ind2=" ">
            <subfield code="a">Berlin, [etc.]</subfield>
            <subfield code="b">P. Zsolnay,</subfield>
            <subfield code="c">1928.</subfield>
        </datafield>
        <datafield tag="300" ind1=" " ind2=" ">
            <subfield code="a">230, [1] p., 1 l.</subfield>
            <subfield code="c">19 cm.</subfield>
        </datafield>
        <datafield tag="700" ind1="1" ind2=" ">
            <subfield code="a">Schalit, Leon,</subfield>
            <subfield code="d">1884- [from old catalog]</subfield>
            <subfield code="e">tr.</subfield>
        </datafield>
    </record>