
    <record>
        <leader>01015cam a22002531  4500</leader>
        <controlfield tag="001">10171222</controlfield>
        <controlfield tag="005">20050505184444.0</controlfield>
        <controlfield tag="008">721220s1934    enkc          001 0aeng  </controlfield>
        <datafield tag="010" ind1=" " ind2=" ">
            <subfield code="a">   35027022 </subfield>
        </datafield>
        <datafield tag="082" ind1=" " ind2=" ">
            <subfield code="a">928.2</subfield>
        </datafield>
        <datafield tag="100" ind1="1" ind2=" ">
            <subfield code="a">Galsworthy, John,</subfield>
            <subfield code="d">1867-1933.</subfield>
        </datafield>
        <datafield tag="245" ind1="0" ind2="0">
            <subfield code="a">Letters from John Galsworthy, 1900-1932,</subfield>
            <subfield code="c">edited and with introduction by Edward Garnett.</subfield>
        </datafield>
        <datafield tag="260" ind1=" " ind2=" ">
            <subfield code="a">London,</subfield>
            <subfield code="b">J. Cape;</subfield>
            <subfield code="a">New York,</subfield>
            <subfield code="b">C. Scribner's Sons,</subfield>
            <subfield code="c">1934.</subfield>
        </datafield>
        <datafield tag="300" ind1=" " ind2=" ">
            <subfield code="a">255 p.</subfield>
            <subfield code="b">front. (port.)</subfield>
            <subfield code="c">21 cm.</subfield>
        </datafield>
        <datafield tag="500" ind1=" " ind2=" ">
            <subfield code="a">"Of this first edition ... have been printed three thousand numbered copies for sale. Of this number, one thousand are reserved for the United States." ...</subfield>
        </datafield>
        <datafield tag="700" ind1="1" ind2=" ">
            <subfield code="a">Garnett, Edward,</subfield>
            <subfield code="d">1868-1937,</subfield>
            <subfield code="e">ed.</subfield>
        </datafield>
    </record>