
    <record>
        <leader>01199cam a22002891  4500</leader>
        <controlfield tag="001">6872754</controlfield>
        <controlfield tag="005">20050819194446.0</controlfield>
        <controlfield tag="008">760113s1929    xx            000 0 ger  </controlfield>
        <datafield tag="010" ind1=" " ind2=" ">
            <subfield code="a">   30006104 </subfield>
        </datafield>
        <datafield tag="041" ind1="1" ind2=" ">
            <subfield code="a">gereng</subfield>
        </datafield>
        <datafield tag="100" ind1="1" ind2=" ">
            <subfield code="a">Galsworthy, John,</subfield>
            <subfield code="d">1867-1933.</subfield>
        </datafield>
        <datafield tag="245" ind1="1" ind2="4">
            <subfield code="a">Die letzte karte,</subfield>
            <subfield code="b">novellen;</subfield>
            <subfield code="c">autorisierte übersetzung aus dem englischen von Leon Schalit.</subfield>
        </datafield>
        <datafield tag="260" ind1=" " ind2=" ">
            <subfield code="a">Berlin,</subfield>
            <subfield code="b">P. Zsolnay,</subfield>
            <subfield code="c">1929.</subfield>
        </datafield>
        <datafield tag="300" ind1=" " ind2=" ">
            <subfield code="a">225 p.</subfield>
            <subfield code="c">19 cm.</subfield>
        </datafield>
        <datafield tag="490" ind1="1" ind2=" ">
            <subfield code="a">His Gesammelte werke</subfield>
        </datafield>
        <datafield tag="500" ind1=" " ind2=" ">
            <subfield code="a">"1.-15. tausend."</subfield>
        </datafield>
        <datafield tag="505" ind1="0" ind2=" ">
            <subfield code="a">Die letzte karte.--Die mumie.--Der schwarze rock.--Ein jugenderlebnis.--Was der schulmeister erzählte.--Die stimme.--Das unglückskind.--Der zerrissene schuh.--Kapuzinerhütchen.--Ein patriot.--Eine sonderbare geschichte.--Der tote.--Santa Lucia.--Ultima Thule.</subfield>
        </datafield>
        <datafield tag="700" ind1="1" ind2=" ">
            <subfield code="a">Schalit, Leon,</subfield>
            <subfield code="d">1884-</subfield>
            <subfield code="e">tr.</subfield>
        </datafield>
        <datafield tag="800" ind1="1" ind2=" ">
            <subfield code="a">Galsworthy, John,</subfield>
            <subfield code="d">1867-1933.</subfield>
            <subfield code="t">Gesammelte werke.</subfield>
        </datafield>
    </record>