
    <record>
        <leader>00782cam a22002411  4500</leader>
        <controlfield tag="001">7813628</controlfield>
        <controlfield tag="005">20050731182331.0</controlfield>
        <controlfield tag="008">760113s1931    nju           100 0 eng  </controlfield>
        <datafield tag="010" ind1=" " ind2=" ">
            <subfield code="a">   31016371 </subfield>
        </datafield>
        <datafield tag="100" ind1="1" ind2=" ">
            <subfield code="a">Galsworthy, John,</subfield>
            <subfield code="d">1867-1933.</subfield>
        </datafield>
        <datafield tag="245" ind1="1" ind2="0">
            <subfield code="a">"Literature and life";</subfield>
            <subfield code="b">a lecture delivered April 13, 1931, at Princeton University,</subfield>
            <subfield code="c">by John Galsworthy ...</subfield>
        </datafield>
        <datafield tag="260" ind1=" " ind2=" ">
            <subfield code="a">[Princeton, N.J.]</subfield>
            <subfield code="b">Princeton University Press,</subfield>
            <subfield code="c">1931.</subfield>
        </datafield>
        <datafield tag="300" ind1=" " ind2=" ">
            <subfield code="a">14 p.</subfield>
            <subfield code="c">22 cm.</subfield>
        </datafield>
    </record>