
    <record>
        <leader>00871cam a2200217 a 4500</leader>
        <controlfield tag="001">1653001</controlfield>
        <controlfield tag="005">20030310160752.0</controlfield>
        <controlfield tag="008">970505s1997    cau           000 0 eng  </controlfield>
        <datafield tag="010" ind1=" " ind2=" ">
            <subfield code="a">   97019914 </subfield>
        </datafield>
        <datafield tag="020" ind1=" " ind2=" ">
            <subfield code="a">0887343961 (alk. paper)</subfield>
        </datafield>
        <datafield tag="082" ind1="0" ind2="0">
            <subfield code="a">822/.912</subfield>
            <subfield code="2">21</subfield>
        </datafield>
        <datafield tag="100" ind1="1" ind2=" ">
            <subfield code="a">Galsworthy, John,</subfield>
            <subfield code="d">1867-1933.</subfield>
        </datafield>
        <datafield tag="245" ind1="1" ind2="4">
            <subfield code="a">The little man :</subfield>
            <subfield code="b">a farcial morality in three scenes /</subfield>
            <subfield code="c">by John Galsworthy ; edited and introduction by William-Alan Landes.</subfield>
        </datafield>
        <datafield tag="260" ind1=" " ind2=" ">
            <subfield code="a">Studio City, CA :</subfield>
            <subfield code="b">Players Press,</subfield>
            <subfield code="c">c1997.</subfield>
        </datafield>
        <datafield tag="300" ind1=" " ind2=" ">
            <subfield code="a">19 p. ;</subfield>
            <subfield code="c">22 cm.</subfield>
        </datafield>
        <datafield tag="700" ind1="1" ind2=" ">
            <subfield code="a">Landes, William-Alan.</subfield>
        </datafield>
    </record>