
    <record>
        <leader>01150cam a22002891  4500</leader>
        <controlfield tag="001">6365784</controlfield>
        <controlfield tag="005">20200115181318.0</controlfield>
        <controlfield tag="008">750702s1915    nyu           000 1 eng  </controlfield>
        <datafield tag="010" ind1=" " ind2=" ">
            <subfield code="a">   15009345 </subfield>
        </datafield>
        <datafield tag="100" ind1="1" ind2=" ">
            <subfield code="a">Galsworthy, John,</subfield>
            <subfield code="d">1867-1933.</subfield>
        </datafield>
        <datafield tag="245" ind1="1" ind2="4">
            <subfield code="a">The little man :</subfield>
            <subfield code="b">and other satires /</subfield>
            <subfield code="c">by John Galsworthy.</subfield>
        </datafield>
        <datafield tag="260" ind1=" " ind2=" ">
            <subfield code="a">New York :</subfield>
            <subfield code="b">C. Scribner's Sons,</subfield>
            <subfield code="c">1915.</subfield>
        </datafield>
        <datafield tag="300" ind1=" " ind2=" ">
            <subfield code="a">x, 279 p. ;</subfield>
            <subfield code="c">20 cm.</subfield>
        </datafield>
        <datafield tag="500" ind1=" " ind2=" ">
            <subfield code="a">Reprinted in part from various periodicals.</subfield>
        </datafield>
        <datafield tag="505" ind1="0" ind2=" ">
            <subfield code="a">The little man.--Hall-marked.--The voice of---!--The dead man!--Why not?--Hey-day.--Studies of extravagance.--Abracadabra.--Hathor: a memory.--Sekhet: a dream.--A simple tale.--Ultima Thule.</subfield>
        </datafield>
    </record>