
    <record>
        <leader>01257cam a22003251  4500</leader>
        <controlfield tag="001">8257125</controlfield>
        <controlfield tag="005">20211209092604.0</controlfield>
        <controlfield tag="008">790202s1922    enke          000 0 eng  </controlfield>
        <datafield tag="010" ind1=" " ind2=" ">
            <subfield code="a">   22012847 </subfield>
        </datafield>
        <datafield tag="051" ind1=" " ind2=" ">
            <subfield code="a">XIII/1 Galsworthy 1922</subfield>
            <subfield code="b">Copy 1</subfield>
            <subfield code="c">Dust jacket. Inscribed, "To Woodrow Wilson with the deep regard of Robert Bridges, October 16, 1922".</subfield>
        </datafield>
        <datafield tag="100" ind1="1" ind2=" ">
            <subfield code="a">Galsworthy, John,</subfield>
            <subfield code="d">1867-1933.</subfield>
        </datafield>
        <datafield tag="245" ind1="1" ind2="0">
            <subfield code="a">Loyalties :</subfield>
            <subfield code="b">a drama in three acts /</subfield>
            <subfield code="c">by John Galsworthy.</subfield>
        </datafield>
        <datafield tag="260" ind1=" " ind2=" ">
            <subfield code="a">London :</subfield>
            <subfield code="b">Duckworth and Co.,</subfield>
            <subfield code="c">[1922]</subfield>
        </datafield>
        <datafield tag="300" ind1=" " ind2=" ">
            <subfield code="a">118 p. :</subfield>
            <subfield code="b">incl. plans. ;</subfield>
            <subfield code="c">17 cm.</subfield>
        </datafield>
        <datafield tag="710" ind1="2" ind2=" ">
            <subfield code="a">Woodrow Wilson Collection (Library of Congress)</subfield>
            <subfield code="5">DLC</subfield>
        </datafield>
    </record>