
    <record>
        <leader>00696cam a22002171  4500</leader>
        <controlfield tag="001">14071215</controlfield>
        <controlfield tag="005">20061127171153.0</controlfield>
        <controlfield tag="008">050811s1946    dk c          000 0 dan  </controlfield>
        <datafield tag="010" ind1=" " ind2=" ">
            <subfield code="a">   50023877 </subfield>
        </datafield>
        <datafield tag="100" ind1="1" ind2=" ">
            <subfield code="a">Galsworthy, John,</subfield>
            <subfield code="d">1867-1933.</subfield>
        </datafield>
        <datafield tag="240" ind1="1" ind2="0">
            <subfield code="a">Loyalties.</subfield>
            <subfield code="l">Danish</subfield>
        </datafield>
        <datafield tag="245" ind1="1" ind2="0">
            <subfield code="a">Loyalties;</subfield>
            <subfield code="b">skuespil i tre akter,</subfield>
            <subfield code="c">udg. med noter af Jes Skovgaard.</subfield>
        </datafield>
        <datafield tag="250" ind1=" " ind2=" ">
            <subfield code="a">4 opl.</subfield>
        </datafield>
        <datafield tag="260" ind1=" " ind2=" ">
            <subfield code="a">København,</subfield>
            <subfield code="b">H. Hirschsprung,</subfield>
            <subfield code="c">1946.</subfield>
        </datafield>
        <datafield tag="300" ind1=" " ind2=" ">
            <subfield code="a">88 p.</subfield>
            <subfield code="b">port.</subfield>
            <subfield code="c">21 cm.</subfield>
        </datafield>
        <datafield tag="440" ind1=" " ind2="0">
            <subfield code="a">Engelsk læsning for gymnasiet,</subfield>
            <subfield code="v">1</subfield>
        </datafield>
    </record>