
    <record>
        <leader>01373cam a22003131a 4500</leader>
        <controlfield tag="001">6945652</controlfield>
        <controlfield tag="005">20200123113827.0</controlfield>
        <controlfield tag="008">820306s1931    enk           000 1 eng  </controlfield>
        <datafield tag="010" ind1=" " ind2=" ">
            <subfield code="a">   47043384 </subfield>
        </datafield>
        <datafield tag="051" ind1=" " ind2=" ">
            <subfield code="a">ML30.25g</subfield>
            <subfield code="b">.G34M3</subfield>
            <subfield code="c">Author's presentation copy to George Gershwin with inscription on flyleaf dated, November, 1931.</subfield>
        </datafield>
        <datafield tag="100" ind1="1" ind2=" ">
            <subfield code="a">Galsworthy, John,</subfield>
            <subfield code="d">1867-1933.</subfield>
        </datafield>
        <datafield tag="245" ind1="1" ind2="0">
            <subfield code="a">Maid in waiting /</subfield>
            <subfield code="c">by John Galsworthy.</subfield>
        </datafield>
        <datafield tag="260" ind1=" " ind2=" ">
            <subfield code="a">London :</subfield>
            <subfield code="b">W. Heinemann,</subfield>
            <subfield code="c">1931.</subfield>
        </datafield>
        <datafield tag="300" ind1=" " ind2=" ">
            <subfield code="a">3 l., 1-349 p., 1 l. ;</subfield>
            <subfield code="c">23 cm.</subfield>
        </datafield>
        <datafield tag="500" ind1=" " ind2=" ">
            <subfield code="a">"This edition of 'Maid in waiting' numbered and signed by the author is limited to 525 copies for sale in Great Britain and Ireland."</subfield>
        </datafield>
        <datafield tag="500" ind1=" " ind2=" ">
            <subfield code="a">Bound in quarter imitation vellum, dark green imitation leather boards, lettered and stamped in gilt; boxed.</subfield>
        </datafield>
    </record>