
    <record>
        <leader>00944cam a22002651  4500</leader>
        <controlfield tag="001">7289177</controlfield>
        <controlfield tag="005">20041216183441.0</controlfield>
        <controlfield tag="008">790412s1910    gw            000 1 eng c</controlfield>
        <datafield tag="010" ind1=" " ind2=" ">
            <subfield code="a">a  11001579 </subfield>
        </datafield>
        <datafield tag="100" ind1="1" ind2=" ">
            <subfield code="a">Galsworthy, John,</subfield>
            <subfield code="d">1867-1933.</subfield>
        </datafield>
        <datafield tag="245" ind1="1" ind2="2">
            <subfield code="a">A man of Devon,</subfield>
            <subfield code="c">by John Galsworthy ...</subfield>
        </datafield>
        <datafield tag="250" ind1=" " ind2=" ">
            <subfield code="a">Copyright ed.</subfield>
        </datafield>
        <datafield tag="260" ind1=" " ind2=" ">
            <subfield code="a">Leipzig,</subfield>
            <subfield code="b">B. Tauchnitz,</subfield>
            <subfield code="c">1910.</subfield>
        </datafield>
        <datafield tag="300" ind1=" " ind2=" ">
            <subfield code="a">295 p.</subfield>
            <subfield code="c">16 cm.</subfield>
        </datafield>
        <datafield tag="490" ind1="0" ind2=" ">
            <subfield code="a">Collection of British authors. Tauchnitz edition.</subfield>
            <subfield code="v">vol. 4171</subfield>
        </datafield>
        <datafield tag="505" ind1="0" ind2=" ">
            <subfield code="a">A man of Devon.--A knight.--Salvation of a Forsyte.--The silence.</subfield>
        </datafield>
    </record>