
    <record>
        <leader>00985cam a22002771  4500</leader>
        <controlfield tag="001">10213320</controlfield>
        <controlfield tag="005">20200115181944.0</controlfield>
        <controlfield tag="008">791011s1901    stk           000 1 eng  </controlfield>
        <datafield tag="010" ind1=" " ind2=" ">
            <subfield code="a">   45034502 </subfield>
        </datafield>
        <datafield tag="100" ind1="1" ind2=" ">
            <subfield code="a">Galsworthy, John,</subfield>
            <subfield code="d">1867-1933.</subfield>
        </datafield>
        <datafield tag="245" ind1="1" ind2="2">
            <subfield code="a">A man of Devon /</subfield>
            <subfield code="c">by John Sinjohn [psued.] ...</subfield>
        </datafield>
        <datafield tag="260" ind1=" " ind2=" ">
            <subfield code="a">Edinburgh ;</subfield>
            <subfield code="a">London :</subfield>
            <subfield code="b">W. Blackwood and Sons,</subfield>
            <subfield code="c">1901.</subfield>
        </datafield>
        <datafield tag="300" ind1=" " ind2=" ">
            <subfield code="a">3 p. l., [3]-306 p. ;</subfield>
            <subfield code="c">19 cm.</subfield>
        </datafield>
        <datafield tag="505" ind1="0" ind2=" ">
            <subfield code="a">A man of Devon.--The salvation of Swithin Forsyte.--The silence.--A knight.</subfield>
        </datafield>
    </record>