
    <record>
        <leader>00706cam a2200205u  4500</leader>
        <controlfield tag="001">9863904</controlfield>
        <controlfield tag="005">20041216184407.0</controlfield>
        <controlfield tag="008">821203s1964    nyua          000 0 eng  </controlfield>
        <datafield tag="010" ind1=" " ind2=" ">
            <subfield code="a">   65002033 </subfield>
        </datafield>
        <datafield tag="100" ind1="1" ind2=" ">
            <subfield code="a">Galsworthy, John,</subfield>
            <subfield code="d">1867-1933.</subfield>
        </datafield>
        <datafield tag="245" ind1="1" ind2="4">
            <subfield code="a">The man of property.</subfield>
        </datafield>
        <datafield tag="260" ind1=" " ind2=" ">
            <subfield code="a">New York,</subfield>
            <subfield code="b">Heritage Press</subfield>
            <subfield code="c">[c1964]</subfield>
        </datafield>
        <datafield tag="300" ind1=" " ind2=" ">
            <subfield code="a">x, 285 p.</subfield>
            <subfield code="b">illus. (part col.)</subfield>
            <subfield code="c">28 cm.</subfield>
        </datafield>
        <datafield tag="700" ind1="1" ind2=" ">
            <subfield code="a">Mozley, Charles, [from old catalog]</subfield>
            <subfield code="e">illus.</subfield>
        </datafield>
    </record>