
    <record>
        <leader>00631cam a2200193u  4500</leader>
        <controlfield tag="001">7888245</controlfield>
        <controlfield tag="005">20041216184400.0</controlfield>
        <controlfield tag="008">821203s1949    nyu           000 0 eng  </controlfield>
        <datafield tag="010" ind1=" " ind2=" ">
            <subfield code="a">   49003881 </subfield>
        </datafield>
        <datafield tag="100" ind1="1" ind2=" ">
            <subfield code="a">Galsworthy, John,</subfield>
            <subfield code="d">1867-1933.</subfield>
        </datafield>
        <datafield tag="245" ind1="1" ind2="4">
            <subfield code="a">The man of property.</subfield>
        </datafield>
        <datafield tag="260" ind1=" " ind2=" ">
            <subfield code="a">New York,</subfield>
            <subfield code="b">C. Scribner's Sons</subfield>
            <subfield code="c">[1949]</subfield>
        </datafield>
        <datafield tag="300" ind1=" " ind2=" ">
            <subfield code="a">xviii, 309 p.</subfield>
            <subfield code="c">22 cm.</subfield>
        </datafield>
    </record>