
    <record>
        <leader>00733cam a22002291  4500</leader>
        <controlfield tag="001">7797016</controlfield>
        <controlfield tag="005">20041216184353.0</controlfield>
        <controlfield tag="008">790625s1921    enk           000 1 engs </controlfield>
        <datafield tag="010" ind1=" " ind2=" ">
            <subfield code="a">   25022191 </subfield>
        </datafield>
        <datafield tag="100" ind1="1" ind2=" ">
            <subfield code="a">Galsworthy, John,</subfield>
            <subfield code="d">1867-1933.</subfield>
        </datafield>
        <datafield tag="245" ind1="1" ind2="4">
            <subfield code="a">The man of property.</subfield>
        </datafield>
        <datafield tag="260" ind1=" " ind2=" ">
            <subfield code="a">London,</subfield>
            <subfield code="b">W. Heinemann,</subfield>
            <subfield code="c">1921.</subfield>
        </datafield>
        <datafield tag="300" ind1=" " ind2=" ">
            <subfield code="a">viii, 376 p.</subfield>
            <subfield code="c">18 cm.</subfield>
        </datafield>
        <datafield tag="490" ind1="0" ind2=" ">
            <subfield code="a">The works of John Galsworthy. [v.3]</subfield>
        </datafield>
    </record>