
    <record>
        <leader>00605cam a2200193u  4500</leader>
        <controlfield tag="001">6371579</controlfield>
        <controlfield tag="005">20041216184343.0</controlfield>
        <controlfield tag="008">821208s1911    enk           000 0 eng  </controlfield>
        <datafield tag="010" ind1=" " ind2=" ">
            <subfield code="a">   17013025 </subfield>
        </datafield>
        <datafield tag="100" ind1="1" ind2=" ">
            <subfield code="a">Galsworthy, John,</subfield>
            <subfield code="d">1867-1933.</subfield>
        </datafield>
        <datafield tag="245" ind1="1" ind2="4">
            <subfield code="a">The man of property,</subfield>
        </datafield>
        <datafield tag="260" ind1=" " ind2=" ">
            <subfield code="a">London,</subfield>
            <subfield code="b">W. Heinemann,</subfield>
            <subfield code="c">1911.</subfield>
        </datafield>
        <datafield tag="300" ind1=" " ind2=" ">
            <subfield code="a">viii, 376 p.</subfield>
            <subfield code="c">19 cm.</subfield>
        </datafield>
    </record>