
    <record>
        <leader>00958cam a2200277 i 4500</leader>
        <controlfield tag="001">2711700</controlfield>
        <controlfield tag="005">20090706182338.0</controlfield>
        <controlfield tag="008">760910s1975    enkcj    b    000 1 eng  </controlfield>
        <datafield tag="010" ind1=" " ind2=" ">
            <subfield code="a">   76365137 </subfield>
        </datafield>
        <datafield tag="020" ind1=" " ind2=" ">
            <subfield code="a">0004245326 :</subfield>
            <subfield code="c">£1.95</subfield>
        </datafield>
        <datafield tag="082" ind1="0" ind2="0">
            <subfield code="a">823/.9/12</subfield>
        </datafield>
        <datafield tag="100" ind1="1" ind2=" ">
            <subfield code="a">Galsworthy, John,</subfield>
            <subfield code="d">1867-1933.</subfield>
        </datafield>
        <datafield tag="245" ind1="1" ind2="4">
            <subfield code="a">The man of property /</subfield>
            <subfield code="c">John Galsworthy ; with an introduction by Ivor Brown.</subfield>
        </datafield>
        <datafield tag="260" ind1=" " ind2=" ">
            <subfield code="a">London :</subfield>
            <subfield code="b">Collins,</subfield>
            <subfield code="c">1969 [i.e. 1975]</subfield>
        </datafield>
        <datafield tag="300" ind1=" " ind2=" ">
            <subfield code="a">352 p. :</subfield>
            <subfield code="b">geneal. table, port. ;</subfield>
            <subfield code="c">19 cm.</subfield>
        </datafield>
        <datafield tag="500" ind1=" " ind2=" ">
            <subfield code="a">Sequel: In chancery.</subfield>
        </datafield>
        <datafield tag="504" ind1=" " ind2=" ">
            <subfield code="a">Bibliography: p. 351-352.</subfield>
        </datafield>
    </record>