
    <record>
        <leader>01250cam a22002531  4500</leader>
        <controlfield tag="001">6410193</controlfield>
        <controlfield tag="005">20221230164431.0</controlfield>
        <controlfield tag="008">810402s1931    gw c          000 1 ger  </controlfield>
        <datafield tag="010" ind1=" " ind2=" ">
            <subfield code="a">   31030825 </subfield>
        </datafield>
        <datafield tag="100" ind1="1" ind2=" ">
            <subfield code="a">Galsworthy, John,</subfield>
            <subfield code="d">1867-1933.</subfield>
        </datafield>
        <datafield tag="245" ind1="1" ind2="0">
            <subfield code="a">Meisternovellen;</subfield>
            <subfield code="c">herausgegeben und übersetzt von Leon Schalit.</subfield>
        </datafield>
        <datafield tag="260" ind1=" " ind2=" ">
            <subfield code="a">Berlin [etc.]</subfield>
            <subfield code="b">P. Zsolnay,</subfield>
            <subfield code="c">1931.</subfield>
        </datafield>
        <datafield tag="300" ind1=" " ind2=" ">
            <subfield code="a">466, [1] p.</subfield>
            <subfield code="b">front. (port.)</subfield>
            <subfield code="c">19 cm.</subfield>
        </datafield>
        <datafield tag="505" ind1="0" ind2=" ">
            <subfield code="a">Der Gefangene.--Die Mumie.--Santa Lucia.--Gute Qualität.--Nachsommer.--Blitzschlag.--Der tolle Hund.--Der Menschenfischer.--Die Nacht der Butterblumen.--Ultima Thule.--Stilles Werben.--Salta pro Nobis.--Tschuk-tschuk.--Der Müller von Dee.--Noch einmal.--Die Linde.--Der schwarze Rock.--Courage.--Das Unglückskind.--Ritt durch den Nebel.--Das erste Rendezvous.--Abschied.--Der zerrissene Schuh.--Mr. Forsytes Errettung.</subfield>
        </datafield>
        <datafield tag="700" ind1="1" ind2=" ">
            <subfield code="a">Schalit, Leon,</subfield>
            <subfield code="d">1884-</subfield>
            <subfield code="e">editor,</subfield>
            <subfield code="e">translator.</subfield>
        </datafield>
    </record>