
    <record>
        <leader>00600cam a22001937  4500</leader>
        <controlfield tag="001">9590387</controlfield>
        <controlfield tag="005">20000203162859.0</controlfield>
        <controlfield tag="008">910702s1953    au            000 0 ger  </controlfield>
        <datafield tag="010" ind1=" " ind2=" ">
            <subfield code="a">ltf91064470 </subfield>
        </datafield>
        <datafield tag="100" ind1="1" ind2=" ">
            <subfield code="a">Galsworthy, John,</subfield>
            <subfield code="d">1867-1933.</subfield>
        </datafield>
        <datafield tag="245" ind1="0" ind2="0">
            <subfield code="a">Meisterromane.</subfield>
            <subfield code="c">Autorisierte Übersetzung aus dem Englishchen von Lise Landau und Leon Schalit.</subfield>
        </datafield>
        <datafield tag="260" ind1=" " ind2=" ">
            <subfield code="a">Wien,</subfield>
            <subfield code="b">P. Zsolnay,</subfield>
            <subfield code="c">1953.</subfield>
        </datafield>
        <datafield tag="300" ind1=" " ind2=" ">
            <subfield code="a">856 p.</subfield>
        </datafield>
    </record>