
    <record>
        <leader>01194cam a22002892u 4500</leader>
        <controlfield tag="001">8706685</controlfield>
        <controlfield tag="005">20210217114150.0</controlfield>
        <controlfield tag="008">821227s1914    enkaf         000 0 eng  </controlfield>
        <datafield tag="010" ind1=" " ind2=" ">
            <subfield code="a">   15003266 </subfield>
        </datafield>
        <datafield tag="100" ind1="1" ind2=" ">
            <subfield code="a">Galsworthy, John,</subfield>
            <subfield code="d">1867-1933.</subfield>
        </datafield>
        <datafield tag="245" ind1="1" ind2="0">
            <subfield code="a">Memories /</subfield>
            <subfield code="c">by John Galworthy, illustrated by Maud Earl.</subfield>
        </datafield>
        <datafield tag="260" ind1=" " ind2=" ">
            <subfield code="a">London :</subfield>
            <subfield code="b">W. Heinemann ;</subfield>
            <subfield code="a">New York :</subfield>
            <subfield code="b">C. Scribner's Sons,</subfield>
            <subfield code="c">[1914]</subfield>
        </datafield>
        <datafield tag="300" ind1=" " ind2=" ">
            <subfield code="a">2 p. l., ix-xi, 70, [1] p. :</subfield>
            <subfield code="b">incl. illus., plates, 4 mounted col. pl. (incl. front.) ;</subfield>
            <subfield code="c">28 cm.</subfield>
        </datafield>
        <datafield tag="500" ind1=" " ind2=" ">
            <subfield code="a">"First published in 'The inn of tranquility', October 1912; separate illustrated edition, November 1914."</subfield>
        </datafield>
        <datafield tag="500" ind1=" " ind2=" ">
            <subfield code="a">Each colored plate accompanied by guard sheet with descriptive letterpress.</subfield>
        </datafield>
        <datafield tag="500" ind1=" " ind2=" ">
            <subfield code="a">Illustrated t.-p.</subfield>
        </datafield>
        <datafield tag="700" ind1="1" ind2=" ">
            <subfield code="a">Earl, Maud,</subfield>
            <subfield code="d">1864-1943,</subfield>
            <subfield code="e">illustrator.</subfield>
        </datafield>
    </record>