
    <record>
        <leader>01355cam a22002531  4500</leader>
        <controlfield tag="001">7327388</controlfield>
        <controlfield tag="005">20050817101730.0</controlfield>
        <controlfield tag="008">860401s1924    gw c          000 1 ger  </controlfield>
        <datafield tag="010" ind1=" " ind2=" ">
            <subfield code="a">   25005799 </subfield>
        </datafield>
        <datafield tag="041" ind1="1" ind2=" ">
            <subfield code="a">ger</subfield>
            <subfield code="h">eng</subfield>
        </datafield>
        <datafield tag="100" ind1="1" ind2=" ">
            <subfield code="a">Galsworthy, John,</subfield>
            <subfield code="d">1867-1933.</subfield>
        </datafield>
        <datafield tag="245" ind1="1" ind2="4">
            <subfield code="a">Der Menschenfischer,</subfield>
            <subfield code="b">Novellen,</subfield>
            <subfield code="c">autorisierte übersetzung aus dem englischen von Leon Schalit (L. Leonahard)</subfield>
        </datafield>
        <datafield tag="260" ind1=" " ind2=" ">
            <subfield code="a">Berlin [etc.]</subfield>
            <subfield code="b">P. Zsolnay,</subfield>
            <subfield code="c">1924.</subfield>
        </datafield>
        <datafield tag="300" ind1=" " ind2=" ">
            <subfield code="a">414 p.</subfield>
            <subfield code="b">front. (port.)</subfield>
            <subfield code="c">20 cm.</subfield>
        </datafield>
        <datafield tag="505" ind1="0" ind2=" ">
            <subfield code="a">Der Menschenfischer.--Der gefangene.--Blitzschlag.--Salta pro nobis.--Der Müller von Dee.--Die Nachbarn.--Gute qualität.--Noch einmal.--Das erste Rendez-vous.--Abschied.--Atavismus.--Apotheose.--Entweder-oder.--Die beiden Könige.--Fortschritt.--Die Demonstration.--Courage.--Tschuk-tschuk.--Eine alltägliche Geschichte.--Der tolle Hund.--Entzücken.--Gestorben.--Jenseits der Hügel.--Ritt durch den Nebel.--Romantik, drei Bilder.--Höhenwind.--Die Linde.--Die nacht der Butterblumen.--Mr. Forsytes errettung.</subfield>
        </datafield>
        <datafield tag="700" ind1="1" ind2=" ">
            <subfield code="a">Schalit, Leon,</subfield>
            <subfield code="d">1884-</subfield>
            <subfield code="e">tr.</subfield>
        </datafield>
    </record>