
    <record>
        <leader>00992cam a2200289   4500</leader>
        <controlfield tag="001">3596232</controlfield>
        <controlfield tag="005">20090706182328.0</controlfield>
        <controlfield tag="008">680301m19679999enka          000 1 eng  </controlfield>
        <datafield tag="010" ind1=" " ind2=" ">
            <subfield code="a">   68071130 </subfield>
        </datafield>
        <datafield tag="100" ind1="1" ind2=" ">
            <subfield code="a">Galsworthy, John,</subfield>
            <subfield code="d">1867-1933.</subfield>
        </datafield>
        <datafield tag="245" ind1="1" ind2="2">
            <subfield code="a">A modern comedy.</subfield>
        </datafield>
        <datafield tag="260" ind1=" " ind2=" ">
            <subfield code="a">Harmondsworth,</subfield>
            <subfield code="b">Penguin in association with Heinemann,</subfield>
            <subfield code="c">1967-</subfield>
        </datafield>
        <datafield tag="300" ind1=" " ind2=" ">
            <subfield code="a">v.</subfield>
            <subfield code="b">diagrs.</subfield>
            <subfield code="c">18 1/2 cm.</subfield>
        </datafield>
        <datafield tag="350" ind1=" " ind2=" ">
            <subfield code="a">5/-</subfield>
        </datafield>
        <datafield tag="500" ind1=" " ind2=" ">
            <subfield code="a">"Comprises the second three volumes of The Forsyte Chronicles."</subfield>
        </datafield>
        <datafield tag="505" ind1="1" ind2=" ">
            <subfield code="a">bk. 1. The white monkey.</subfield>
        </datafield>
        <datafield tag="740" ind1="0" ind2=" ">
            <subfield code="a">White Monkey.</subfield>
        </datafield>
    </record>