
    <record>
        <leader>00852cam a22002411  4500</leader>
        <controlfield tag="001">1690606</controlfield>
        <controlfield tag="005">20090706182321.0</controlfield>
        <controlfield tag="008">730522s1929    nyu           000 1 eng  </controlfield>
        <datafield tag="010" ind1=" " ind2=" ">
            <subfield code="a">   29026919 </subfield>
        </datafield>
        <datafield tag="100" ind1="1" ind2=" ">
            <subfield code="a">Galsworthy, John,</subfield>
            <subfield code="d">1867-1933.</subfield>
        </datafield>
        <datafield tag="245" ind1="1" ind2="2">
            <subfield code="a">A modern comedy,</subfield>
            <subfield code="c">by John Galsworthy.</subfield>
        </datafield>
        <datafield tag="260" ind1=" " ind2=" ">
            <subfield code="a">New York,</subfield>
            <subfield code="b">C. Scribner's sons,</subfield>
            <subfield code="c">1929.</subfield>
        </datafield>
        <datafield tag="300" ind1=" " ind2=" ">
            <subfield code="a">xvii, 798 p.</subfield>
            <subfield code="c">20 cm.</subfield>
        </datafield>
        <datafield tag="505" ind1="0" ind2=" ">
            <subfield code="a">The white monkey.--The silver spoon.--Swan song.</subfield>
        </datafield>
    </record>