
    <record>
        <leader>01252cam a22003371  4500</leader>
        <controlfield tag="001">9697371</controlfield>
        <controlfield tag="005">20210614141052.0</controlfield>
        <controlfield tag="008">730626s1929    enkj          000 0 eng  </controlfield>
        <datafield tag="010" ind1=" " ind2=" ">
            <subfield code="a">   34009473 </subfield>
        </datafield>
        <datafield tag="082" ind1=" " ind2=" ">
            <subfield code="a">823.91</subfield>
        </datafield>
        <datafield tag="100" ind1="1" ind2=" ">
            <subfield code="a">Galsworthy, John,</subfield>
            <subfield code="d">1867-1933.</subfield>
        </datafield>
        <datafield tag="245" ind1="1" ind2="2">
            <subfield code="a">A modern comedy /</subfield>
            <subfield code="c">by John Galsworthy.</subfield>
        </datafield>
        <datafield tag="260" ind1=" " ind2=" ">
            <subfield code="a">London :</subfield>
            <subfield code="b">W. Heinemann, Ltd.,</subfield>
            <subfield code="c">1929.</subfield>
        </datafield>
        <datafield tag="300" ind1=" " ind2=" ">
            <subfield code="a">xvii, 1088 p. :</subfield>
            <subfield code="b">fold. geneal. tab. ;</subfield>
            <subfield code="c">20 cm.</subfield>
        </datafield>
        <datafield tag="500" ind1=" " ind2=" ">
            <subfield code="a">"First published, August 1929; new impression, August 1929."</subfield>
        </datafield>
        <datafield tag="500" ind1=" " ind2=" ">
            <subfield code="a">LC copy: Author's autograph.</subfield>
            <subfield code="5">DLC</subfield>
        </datafield>
        <datafield tag="505" ind1="0" ind2=" ">
            <subfield code="a">The white monkey.--The silver spoon.--Swan song.</subfield>
        </datafield>
        <datafield tag="710" ind1="2" ind2=" ">
            <subfield code="a">International Mark Twain Society Collection (Library of Congress)</subfield>
            <subfield code="5">DLC</subfield>
        </datafield>
    </record>