
    <record>
        <leader>00691cam a22002171  4500</leader>
        <controlfield tag="001">8731375</controlfield>
        <controlfield tag="005">20050702165918.0</controlfield>
        <controlfield tag="008">731025s1924    enka          000 0 eng  </controlfield>
        <datafield tag="010" ind1=" " ind2=" ">
            <subfield code="a">   25000036 </subfield>
        </datafield>
        <datafield tag="100" ind1="1" ind2=" ">
            <subfield code="a">Galsworthy, John,</subfield>
            <subfield code="d">1867-1933.</subfield>
        </datafield>
        <datafield tag="245" ind1="1" ind2="0">
            <subfield code="a">Old English;</subfield>
            <subfield code="b">a play in three acts,</subfield>
            <subfield code="c">by John Galsworthy.</subfield>
        </datafield>
        <datafield tag="260" ind1=" " ind2=" ">
            <subfield code="a">London,</subfield>
            <subfield code="b">Duckworth and Co.</subfield>
            <subfield code="c">[1924]</subfield>
        </datafield>
        <datafield tag="300" ind1=" " ind2=" ">
            <subfield code="a">118 p.</subfield>
            <subfield code="b">diagrs.</subfield>
            <subfield code="c">18 cm.</subfield>
        </datafield>
    </record>