
    <record>
        <leader>01749cjm a22003017a 4500</leader>
        <controlfield tag="001">13679100</controlfield>
        <controlfield tag="005">20111222131621.0</controlfield>
        <controlfield tag="007">sd bmmennmplue</controlfield>
        <controlfield tag="008">040806s1966    cauzzn              eng  </controlfield>
        <datafield tag="010" ind1=" " ind2=" ">
            <subfield code="a">  2004597544</subfield>
        </datafield>
        <datafield tag="028" ind1="3" ind2="2">
            <subfield code="a">XMAS-127</subfield>
            <subfield code="b">Armed Forces Radio and Television Service</subfield>
        </datafield>
        <datafield tag="028" ind1="3" ind2="2">
            <subfield code="a">XMAS-128</subfield>
            <subfield code="b">Armed Forces Radio and Television Service</subfield>
        </datafield>
        <datafield tag="245" ind1="0" ind2="0">
            <subfield code="a">[AFRTS Christmas music compilation]</subfield>
            <subfield code="h">[sound recording].</subfield>
        </datafield>
        <datafield tag="260" ind1=" " ind2=" ">
            <subfield code="a">Los Angeles :</subfield>
            <subfield code="b">Armed Forces Radio and Television Service,</subfield>
            <subfield code="c">[1966]</subfield>
        </datafield>
        <datafield tag="300" ind1=" " ind2=" ">
            <subfield code="a">1 sound disc :</subfield>
            <subfield code="b">analog, 33 1/3 rpm, mono. ;</subfield>
            <subfield code="c">12 in.</subfield>
        </datafield>
        <datafield tag="500" ind1=" " ind2=" ">
            <subfield code="a">"66-XMAS-RL-1"--Labels.</subfield>
        </datafield>
        <datafield tag="500" ind1=" " ind2=" ">
            <subfield code="a">Brief record.</subfield>
        </datafield>
        <datafield tag="500" ind1=" " ind2=" ">
            <subfield code="a">Selections from commercial recordings.</subfield>
        </datafield>
        <datafield tag="505" ind1="0" ind2=" ">
            <subfield code="a">Sing we now of Christmas. Sing we now of Christmas ; Little gray donkey ; The virgin's slumber song (Tennessee Ernie Ford) -- Jimmy Dean's Christmas card. My Christmas room ; Yes, Patricia, there is a Santa Claus ; The cowboy's prayer -- Christmas is a birthday ; Snow for Johnny (Burl Ives, chorus and orchestra directed by Owen Bradley) -- 'Twas the night before Christmas ; Pretty little snowflakes ; We wish you a merry Christmas (Patti Page) -- Christmas serenade, in the Glenn Miller style. We wish you the merriest ; And the bells rang (Tex Beneke, Ray Eberle, and the Modernaires with Paula Kelly).</subfield>
        </datafield>
        <datafield tag="710" ind1="1" ind2=" ">
            <subfield code="a">United States.</subfield>
            <subfield code="b">Armed Forces Radio and Television Service.</subfield>
        </datafield>
        <datafield tag="710" ind1="2" ind2=" ">
            <subfield code="a">AFRTS Collection (Library of Congress)</subfield>
            <subfield code="5">DLC</subfield>
        </datafield>
    </record>