
    <record>
        <leader>01840cjm a22003017a 4500</leader>
        <controlfield tag="001">13679081</controlfield>
        <controlfield tag="005">20111222131618.0</controlfield>
        <controlfield tag="007">sd bmmennmplue</controlfield>
        <controlfield tag="008">040806s1966    cauzzn              eng  </controlfield>
        <datafield tag="010" ind1=" " ind2=" ">
            <subfield code="a">  2004597546</subfield>
        </datafield>
        <datafield tag="028" ind1="3" ind2="2">
            <subfield code="a">XMAS-123</subfield>
            <subfield code="b">Armed Forces Radio and Television Service</subfield>
        </datafield>
        <datafield tag="028" ind1="3" ind2="2">
            <subfield code="a">XMAS-124</subfield>
            <subfield code="b">Armed Forces Radio and Television Service</subfield>
        </datafield>
        <datafield tag="245" ind1="0" ind2="0">
            <subfield code="a">[AFRTS Christmas music compilation]</subfield>
            <subfield code="h">[sound recording].</subfield>
        </datafield>
        <datafield tag="260" ind1=" " ind2=" ">
            <subfield code="a">Los Angeles :</subfield>
            <subfield code="b">Armed Forces Radio and Television Service,</subfield>
            <subfield code="c">[1966]</subfield>
        </datafield>
        <datafield tag="300" ind1=" " ind2=" ">
            <subfield code="a">1 sound disc :</subfield>
            <subfield code="b">analog, 33 1/3 rpm, mono. ;</subfield>
            <subfield code="c">12 in.</subfield>
        </datafield>
        <datafield tag="500" ind1=" " ind2=" ">
            <subfield code="a">"66-XMAS-RL-1"--Labels.</subfield>
        </datafield>
        <datafield tag="500" ind1=" " ind2=" ">
            <subfield code="a">Brief record.</subfield>
        </datafield>
        <datafield tag="500" ind1=" " ind2=" ">
            <subfield code="a">Selections from commercial recordings.</subfield>
        </datafield>
        <datafield tag="505" ind1="0" ind2=" ">
            <subfield code="a">Wishing you a merry Christmas. O come, all ye faithful ; The first noel/Joy to the world ; Hark! the herald angels sing/Angels we have heard on high (Andre Kostelanetz and his orchestra, with the St. Kilian Boychoir) -- Holiday for bells ; Jumpin' jiminy Christmas (Bert Kaempfert and his orchestra) -- Swing bells! Ox and donkey ; Happy New Year (the Glad Singers) -- Here we come a-caroling. Here we come a-caroling ; The real meaning of Christmas (Ray Conniff and the Singers) -- Nutty jingle bells ; Santa Claus is comin' to town (Al Hirt, arranged and conducted by Dick Hyman) -- Happy holiday (Peggy Lee) -- Rudolph the red-nosed reindeer (Earl Grant) -- Here comes Santa Claus (Ace Cannon).</subfield>
        </datafield>
        <datafield tag="710" ind1="1" ind2=" ">
            <subfield code="a">United States.</subfield>
            <subfield code="b">Armed Forces Radio and Television Service.</subfield>
        </datafield>
        <datafield tag="710" ind1="2" ind2=" ">
            <subfield code="a">AFRTS Collection (Library of Congress)</subfield>
            <subfield code="5">DLC</subfield>
        </datafield>
    </record>