
    <record>
        <leader>01861cjm a22003017a 4500</leader>
        <controlfield tag="001">13679092</controlfield>
        <controlfield tag="005">20111222131619.0</controlfield>
        <controlfield tag="007">sd bmmennmplue</controlfield>
        <controlfield tag="008">040806s1966    cauzzn              eng  </controlfield>
        <datafield tag="010" ind1=" " ind2=" ">
            <subfield code="a">  2004597545</subfield>
        </datafield>
        <datafield tag="028" ind1="3" ind2="2">
            <subfield code="a">XMAS-125</subfield>
            <subfield code="b">Armed Forces Radio and Television Service</subfield>
        </datafield>
        <datafield tag="028" ind1="3" ind2="2">
            <subfield code="a">XMAS-126</subfield>
            <subfield code="b">Armed Forces Radio and Television Service</subfield>
        </datafield>
        <datafield tag="245" ind1="0" ind2="0">
            <subfield code="a">[AFRTS Christmas music compilation]</subfield>
            <subfield code="h">[sound recording].</subfield>
        </datafield>
        <datafield tag="260" ind1=" " ind2=" ">
            <subfield code="a">Los Angeles :</subfield>
            <subfield code="b">Armed Forces Radio and Television Service,</subfield>
            <subfield code="c">[1966]</subfield>
        </datafield>
        <datafield tag="300" ind1=" " ind2=" ">
            <subfield code="a">1 sound disc :</subfield>
            <subfield code="b">analog, 33 1/3 rpm, mono. ;</subfield>
            <subfield code="c">12 in.</subfield>
        </datafield>
        <datafield tag="500" ind1=" " ind2=" ">
            <subfield code="a">"66-XMAS-RL-1"--Labels.</subfield>
        </datafield>
        <datafield tag="500" ind1=" " ind2=" ">
            <subfield code="a">Brief record.</subfield>
        </datafield>
        <datafield tag="500" ind1=" " ind2=" ">
            <subfield code="a">Selections from commercial recordings.</subfield>
        </datafield>
        <datafield tag="505" ind1="0" ind2=" ">
            <subfield code="a">The white world of winter ; The secret of Christmas (with Fred Waring and his Pennsylvanians) (Bing Crosby, arranged and conducted by Sonny Burke) -- One little snowflake (Mel Torme, conducted by Robert Mersey) -- Christmas with Jimmie Rodgers. Up on the housetop ; Old fashioned Christmas -- Mary Christmas ; Ave Maria (Eddie Fisher, with Pete King and his orchestra) -- This is Christmas : a collection of Alfred S. Burt carols. This is Christmas ; Come, dear children ; We'll dress the house (Jimmy Joyce) -- Some children see him (Andy Williams, arranged and conducted by Robert Mersey) -- Music of Christmas. Halleluja chorus ; I saw three ships ; Angels, from the realms of glory (Percy Faith and his orchestra).</subfield>
        </datafield>
        <datafield tag="710" ind1="1" ind2=" ">
            <subfield code="a">United States.</subfield>
            <subfield code="b">Armed Forces Radio and Television Service.</subfield>
        </datafield>
        <datafield tag="710" ind1="2" ind2=" ">
            <subfield code="a">AFRTS Collection (Library of Congress)</subfield>
            <subfield code="5">DLC</subfield>
        </datafield>
    </record>