
    <record>
        <leader>01871cjm a22003017a 4500</leader>
        <controlfield tag="001">13679075</controlfield>
        <controlfield tag="005">20111222131618.0</controlfield>
        <controlfield tag="007">sd bmmennmplue</controlfield>
        <controlfield tag="008">040806s1966    cauzzn              eng  </controlfield>
        <datafield tag="010" ind1=" " ind2=" ">
            <subfield code="a">  2004597547</subfield>
        </datafield>
        <datafield tag="028" ind1="3" ind2="2">
            <subfield code="a">XMAS-121</subfield>
            <subfield code="b">Armed Forces Radio and Television Service</subfield>
        </datafield>
        <datafield tag="028" ind1="3" ind2="2">
            <subfield code="a">XMAS-122</subfield>
            <subfield code="b">Armed Forces Radio and Television Service</subfield>
        </datafield>
        <datafield tag="245" ind1="0" ind2="0">
            <subfield code="a">[AFRTS Christmas music compilation]</subfield>
            <subfield code="h">[sound recording].</subfield>
        </datafield>
        <datafield tag="260" ind1=" " ind2=" ">
            <subfield code="a">Los Angeles :</subfield>
            <subfield code="b">Armed Forces Radio and Television Service,</subfield>
            <subfield code="c">[1966]</subfield>
        </datafield>
        <datafield tag="300" ind1=" " ind2=" ">
            <subfield code="a">1 sound disc :</subfield>
            <subfield code="b">analog, 33 1/3 rpm, mono. ;</subfield>
            <subfield code="c">12 in.</subfield>
        </datafield>
        <datafield tag="500" ind1=" " ind2=" ">
            <subfield code="a">"66-XMAS-RL-1"--Labels.</subfield>
        </datafield>
        <datafield tag="500" ind1=" " ind2=" ">
            <subfield code="a">Brief record.</subfield>
        </datafield>
        <datafield tag="500" ind1=" " ind2=" ">
            <subfield code="a">Selections from commercial recordings.</subfield>
        </datafield>
        <datafield tag="505" ind1="0" ind2=" ">
            <subfield code="a">Christmas Eve in my home town (Kate Smith) -- Christmas with Ronnie Aldrich. Toyland : from Babes in Toyland ; I'll be home for Christmas (Ronnie Aldrich and his two pianos, with the strings of the London Festival Orchestra) -- Christmas greetings from Mantovani and his orchestra. Deck the halls ; O thou that tellest good tidings ; Christmas bells -- The holly and the ivy ; The twelve days of Christmas (Joan Sutherland, with the new Philharmonia Orchestra and Ambrosian Singers, conducted by Richard Bonynge) -- The Mormon Tabernacle Choir. The holy city ; I heard the bells ; Silent night (directed by Richard P. Condie; organists, Alexander Schreiner and Frank Asper) -- The Lord's prayer (the Little Dublin Singers).</subfield>
        </datafield>
        <datafield tag="710" ind1="1" ind2=" ">
            <subfield code="a">United States.</subfield>
            <subfield code="b">Armed Forces Radio and Television Service.</subfield>
        </datafield>
        <datafield tag="710" ind1="2" ind2=" ">
            <subfield code="a">AFRTS Collection (Library of Congress)</subfield>
            <subfield code="5">DLC</subfield>
        </datafield>
    </record>