
    <record>
        <leader>01768cjm a22002897a 4500</leader>
        <controlfield tag="001">13679051</controlfield>
        <controlfield tag="005">20111222131616.0</controlfield>
        <controlfield tag="007">sd bmmennmplue</controlfield>
        <controlfield tag="008">040806s1965    cauzzn              eng  </controlfield>
        <datafield tag="010" ind1=" " ind2=" ">
            <subfield code="a">  2004597549</subfield>
        </datafield>
        <datafield tag="028" ind1="3" ind2="2">
            <subfield code="a">XMAS-117</subfield>
            <subfield code="b">Armed Forces Radio and Television Service</subfield>
        </datafield>
        <datafield tag="028" ind1="3" ind2="2">
            <subfield code="a">XMAS-118</subfield>
            <subfield code="b">Armed Forces Radio and Television Service</subfield>
        </datafield>
        <datafield tag="245" ind1="0" ind2="0">
            <subfield code="a">[AFRTS Christmas music compilation]</subfield>
            <subfield code="h">[sound recording].</subfield>
        </datafield>
        <datafield tag="260" ind1=" " ind2=" ">
            <subfield code="a">Los Angeles :</subfield>
            <subfield code="b">Armed Forces Radio and Television Service,</subfield>
            <subfield code="c">[1965]</subfield>
        </datafield>
        <datafield tag="300" ind1=" " ind2=" ">
            <subfield code="a">1 sound disc :</subfield>
            <subfield code="b">analog, 33 1/3 rpm, mono. ;</subfield>
            <subfield code="c">12 in.</subfield>
        </datafield>
        <datafield tag="500" ind1=" " ind2=" ">
            <subfield code="a">Brief record.</subfield>
        </datafield>
        <datafield tag="500" ind1=" " ind2=" ">
            <subfield code="a">Selections from commercial recordings.</subfield>
        </datafield>
        <datafield tag="505" ind1="0" ind2=" ">
            <subfield code="a">Dasher (with the light upon his tail) (Kitty Wells) -- It's Christmas time. I'd like to have an elephant for Christmas ; Gonna wrap my heart in ribbons ; Mr. &amp; Mrs. Snowman ; It's Christmas time ; Little Christmas angel ; It's Christmas every day in Alaska ; We wish you a merry Christmas (Hank Thompson and the Brazos Valley Boys) -- Be a child at Christmas ; Christmas present (Doris Day, orchestra conducted by Pete King) -- Merry Christmas ; Christmas is the season of the bells (Jo Stafford, arranged and conducted by Jack Marshall) -- Lullaby for Christmas Eve ; Mistletoe and holly ; The Christmas waltz (Jack Jones, arranged and conducted by Marty Manning).</subfield>
        </datafield>
        <datafield tag="710" ind1="1" ind2=" ">
            <subfield code="a">United States.</subfield>
            <subfield code="b">Armed Forces Radio and Television Service.</subfield>
        </datafield>
        <datafield tag="710" ind1="2" ind2=" ">
            <subfield code="a">AFRTS Collection (Library of Congress)</subfield>
            <subfield code="5">DLC</subfield>
        </datafield>
    </record>