
    <record>
        <leader>00537cam a22002052  4500</leader>
        <controlfield tag="001">10527049</controlfield>
        <controlfield tag="005">20000203162624.0</controlfield>
        <controlfield tag="008">910701s1951    bu            000 0 bul  </controlfield>
        <datafield tag="010" ind1=" " ind2=" ">
            <subfield code="a">ltf91064402 </subfield>
        </datafield>
        <datafield tag="100" ind1="1" ind2=" ">
            <subfield code="a">Galsworthy, John,</subfield>
            <subfield code="d">1867-1933.</subfield>
        </datafield>
        <datafield tag="245" ind1="0" ind2="0">
            <subfield code="a">Ostrovŭt na fariseite.</subfield>
        </datafield>
        <datafield tag="260" ind1=" " ind2=" ">
            <subfield code="c">[1951]</subfield>
        </datafield>
        <datafield tag="300" ind1=" " ind2=" ">
            <subfield code="a">216 p.</subfield>
        </datafield>
        <datafield tag="500" ind1=" " ind2=" ">
            <subfield code="a">Romanized.</subfield>
        </datafield>
    </record>