
    <record>
        <leader>00904cam a22002533u 4500</leader>
        <controlfield tag="001">9333210</controlfield>
        <controlfield tag="005">20200116144649.0</controlfield>
        <controlfield tag="008">830118s1934    ge            000 0 eng  </controlfield>
        <datafield tag="010" ind1=" " ind2=" ">
            <subfield code="a">   55047020 </subfield>
        </datafield>
        <datafield tag="100" ind1="1" ind2=" ">
            <subfield code="a">Galsworthy, John,</subfield>
            <subfield code="d">1867-1933.</subfield>
        </datafield>
        <datafield tag="245" ind1="1" ind2="0">
            <subfield code="a">Over the river.</subfield>
        </datafield>
        <datafield tag="260" ind1=" " ind2=" ">
            <subfield code="a">Leipzig :</subfield>
            <subfield code="b">B. Tauchnitz,</subfield>
            <subfield code="c">1934.</subfield>
        </datafield>
        <datafield tag="300" ind1=" " ind2=" ">
            <subfield code="a">334 p. ;</subfield>
            <subfield code="c">17 cm.</subfield>
        </datafield>
        <datafield tag="490" ind1="1" ind2=" ">
            <subfield code="a">Collection of British and American authors ;</subfield>
            <subfield code="v">v. 5173</subfield>
        </datafield>
        <datafield tag="710" ind1="2" ind2=" ">
            <subfield code="a">International Mark Twain Society Collection (Library of Congress)</subfield>
            <subfield code="5">DLC</subfield>
        </datafield>
        <datafield tag="830" ind1=" " ind2="0">
            <subfield code="a">Collection of British and American authors ;</subfield>
            <subfield code="v">v. 5173.</subfield>
        </datafield>
    </record>