
    <record>
        <leader>00555cam a2200181u  4500</leader>
        <controlfield tag="001">6392268</controlfield>
        <controlfield tag="005">20041216182805.0</controlfield>
        <controlfield tag="008">830118s1922    enk           000 0 eng  </controlfield>
        <datafield tag="010" ind1=" " ind2=" ">
            <subfield code="a">   25022185 </subfield>
        </datafield>
        <datafield tag="100" ind1="1" ind2=" ">
            <subfield code="a">Galsworthy, John,</subfield>
            <subfield code="d">1867-1933.</subfield>
        </datafield>
        <datafield tag="245" ind1="1" ind2="4">
            <subfield code="a">The patrician ...</subfield>
        </datafield>
        <datafield tag="260" ind1=" " ind2=" ">
            <subfield code="a">London,</subfield>
            <subfield code="b">W. Heinemann,</subfield>
            <subfield code="c">1922.</subfield>
        </datafield>
        <datafield tag="300" ind1=" " ind2=" ">
            <subfield code="a">4 p.l., 3-339, [1] p.</subfield>
            <subfield code="c">18 cm.</subfield>
        </datafield>
    </record>