
    <record>
        <leader>00671cam a2200205u  4500</leader>
        <controlfield tag="001">12540342</controlfield>
        <controlfield tag="005">20041216183018.0</controlfield>
        <controlfield tag="008">010920s1926    nyu           000 0 eng  </controlfield>
        <datafield tag="010" ind1=" " ind2=" ">
            <subfield code="a">   26022413 </subfield>
        </datafield>
        <datafield tag="100" ind1="1" ind2=" ">
            <subfield code="a">Galsworthy, John,</subfield>
            <subfield code="d">1867-1933.</subfield>
        </datafield>
        <datafield tag="245" ind1="1" ind2="4">
            <subfield code="a">The patrician,</subfield>
            <subfield code="c">by John Galsworthy; with an introduction by Bliss Perry ...</subfield>
        </datafield>
        <datafield tag="260" ind1=" " ind2=" ">
            <subfield code="a">New York,</subfield>
            <subfield code="a">Chicago [etc.]</subfield>
            <subfield code="b">C. Scribner's sons</subfield>
            <subfield code="c">[c1926]</subfield>
        </datafield>
        <datafield tag="300" ind1=" " ind2=" ">
            <subfield code="a">xv p., 3 l., 372 p.</subfield>
            <subfield code="c">17 cm.</subfield>
        </datafield>
        <datafield tag="490" ind1="0" ind2=" ">
            <subfield code="a">The modern student's library</subfield>
        </datafield>
        <datafield tag="700" ind1="1" ind2=" ">
            <subfield code="a">Perry, Bliss,</subfield>
            <subfield code="d">1860-1954,</subfield>
            <subfield code="e">ed.</subfield>
        </datafield>
    </record>