
    <record>
        <leader>00601cam a2200193u  4500</leader>
        <controlfield tag="001">6961382</controlfield>
        <controlfield tag="005">20000203162423.0</controlfield>
        <controlfield tag="008">840313s1928    it            000 0 ita  </controlfield>
        <datafield tag="010" ind1=" " ind2=" ">
            <subfield code="a">   50044744 </subfield>
        </datafield>
        <datafield tag="100" ind1="1" ind2=" ">
            <subfield code="a">Galsworthy, John,</subfield>
            <subfield code="d">1867-1933.</subfield>
        </datafield>
        <datafield tag="240" ind1="0" ind2="0">
            <subfield code="a">The patrician. Italian. [from old catalog]</subfield>
        </datafield>
        <datafield tag="245" ind1="1" ind2="3">
            <subfield code="a">Il patrizio.</subfield>
            <subfield code="b">(The patrician)</subfield>
        </datafield>
        <datafield tag="260" ind1=" " ind2=" ">
            <subfield code="a">Milano,</subfield>
            <subfield code="b">Edizioni "Corbaccio,"</subfield>
            <subfield code="c">1928.</subfield>
        </datafield>
        <datafield tag="300" ind1=" " ind2=" ">
            <subfield code="a">341 p.</subfield>
            <subfield code="c">20 cm.</subfield>
        </datafield>
    </record>