
    <record>
        <leader>00618cam a2200205u  4500</leader>
        <controlfield tag="001">7910303</controlfield>
        <controlfield tag="005">20000510132312.0</controlfield>
        <controlfield tag="008">840512s1948    is            000 0 heb  </controlfield>
        <datafield tag="010" ind1=" " ind2=" ">
            <subfield code="a">   52054691 </subfield>
        </datafield>
        <datafield tag="100" ind1="1" ind2=" ">
            <subfield code="a">Galsworthy, John,</subfield>
            <subfield code="d">1867-1933.</subfield>
        </datafield>
        <datafield tag="240" ind1="0" ind2="0">
            <subfield code="a">Dark flowers.</subfield>
            <subfield code="l">Hebrew. [from old catalog]</subfield>
        </datafield>
        <datafield tag="245" ind1="1" ind2="3">
            <subfield code="a">ha-Peraḥ-ha-afel.</subfield>
        </datafield>
        <datafield tag="260" ind1=" " ind2=" ">
            <subfield code="a">[Tel-Aviv,</subfield>
            <subfield code="c">1948/49]</subfield>
        </datafield>
        <datafield tag="300" ind1=" " ind2=" ">
            <subfield code="a">158 p.</subfield>
            <subfield code="c">17 cm.</subfield>
        </datafield>
        <datafield tag="500" ind1=" " ind2=" ">
            <subfield code="a">Romanized.</subfield>
        </datafield>
    </record>