
    <record>
        <leader>00590cam a2200205u  4500</leader>
        <controlfield tag="001">8883603</controlfield>
        <controlfield tag="005">20070606103631.0</controlfield>
        <controlfield tag="008">840511s1958    xx            000 0 ruso </controlfield>
        <datafield tag="010" ind1=" " ind2=" ">
            <subfield code="a">   58044666 </subfield>
        </datafield>
        <datafield tag="100" ind1="1" ind2=" ">
            <subfield code="a">Galsworthy, John,</subfield>
            <subfield code="d">1867-1933.</subfield>
        </datafield>
        <datafield tag="240" ind1="0" ind2="0">
            <subfield code="a">First &amp; the last. Russian. [from old catalog]</subfield>
        </datafield>
        <datafield tag="245" ind1="1" ind2="0">
            <subfield code="a">Pervye i poslednie.</subfield>
        </datafield>
        <datafield tag="260" ind1=" " ind2=" ">
            <subfield code="c">1958.</subfield>
        </datafield>
        <datafield tag="300" ind1=" " ind2=" ">
            <subfield code="a">30 p.</subfield>
            <subfield code="c">20 cm.</subfield>
        </datafield>
        <datafield tag="500" ind1=" " ind2=" ">
            <subfield code="a">Romanized.</subfield>
        </datafield>
    </record>