
    <record>
        <leader>01140cam a22003011  4500</leader>
        <controlfield tag="001">7820980</controlfield>
        <controlfield tag="005">20110512130853.0</controlfield>
        <controlfield tag="008">850117s1933    gw            000 1 ger  </controlfield>
        <datafield tag="010" ind1=" " ind2=" ">
            <subfield code="a">   33021271 </subfield>
        </datafield>
        <datafield tag="041" ind1="1" ind2=" ">
            <subfield code="a">ger</subfield>
            <subfield code="h">eng</subfield>
        </datafield>
        <datafield tag="100" ind1="1" ind2=" ">
            <subfield code="a">Galsworthy, John,</subfield>
            <subfield code="d">1867-1933.</subfield>
        </datafield>
        <datafield tag="240" ind1="1" ind2="0">
            <subfield code="a">Island Pharisees.</subfield>
            <subfield code="l">German</subfield>
        </datafield>
        <datafield tag="245" ind1="1" ind2="0">
            <subfield code="a">Pharisäer,</subfield>
            <subfield code="b">Roman;</subfield>
            <subfield code="c">autorisierte Übersetzung aus dem Englischen von Leon Schalit.</subfield>
        </datafield>
        <datafield tag="260" ind1=" " ind2=" ">
            <subfield code="a">Berlin [etc.]</subfield>
            <subfield code="b">P. Zsolnay,</subfield>
            <subfield code="c">1933.</subfield>
        </datafield>
        <datafield tag="300" ind1=" " ind2=" ">
            <subfield code="a">310 p.</subfield>
            <subfield code="c">19 cm.</subfield>
        </datafield>
        <datafield tag="490" ind1="0" ind2=" ">
            <subfield code="a">Gesammelte Werke, John Galsworthy</subfield>
        </datafield>
        <datafield tag="500" ind1=" " ind2=" ">
            <subfield code="a">"Der Originaltitel des Werkes lautet: "The island Pharisees."</subfield>
        </datafield>
        <datafield tag="700" ind1="1" ind2=" ">
            <subfield code="a">Schalit, Leon,</subfield>
            <subfield code="d">1884-1950.</subfield>
        </datafield>
    </record>