
    <record>
        <leader>00828cam a22002531i 4500</leader>
        <controlfield tag="001">8698017</controlfield>
        <controlfield tag="005">20200116145003.0</controlfield>
        <controlfield tag="008">780303s1912    enk           000 0 eng  </controlfield>
        <datafield tag="010" ind1=" " ind2=" ">
            <subfield code="a">   12005856 </subfield>
        </datafield>
        <datafield tag="100" ind1="1" ind2=" ">
            <subfield code="a">Galsworthy, John,</subfield>
            <subfield code="d">1867-1933.</subfield>
        </datafield>
        <datafield tag="245" ind1="1" ind2="4">
            <subfield code="a">The pigeon :</subfield>
            <subfield code="b">a fantasy in three acts /</subfield>
            <subfield code="c">by John Galsworthy ...</subfield>
        </datafield>
        <datafield tag="260" ind1=" " ind2=" ">
            <subfield code="a">London :</subfield>
            <subfield code="b">Duckworth and Co.,</subfield>
            <subfield code="c">1912.</subfield>
        </datafield>
        <datafield tag="300" ind1=" " ind2=" ">
            <subfield code="a">4 p. l., 83 p., 1 l. ;</subfield>
            <subfield code="c">18 cm.</subfield>
        </datafield>
    </record>