
    <record>
        <leader>01816cam a2200433 a 4500</leader>
        <controlfield tag="001">18567085</controlfield>
        <controlfield tag="005">20160729113516.0</controlfield>
        <controlfield tag="008">961012r20131945cc            000 1 chi d</controlfield>
        <datafield tag="010" ind1=" " ind2=" ">
            <subfield code="a">  2016420683</subfield>
        </datafield>
        <datafield tag="041" ind1="1" ind2=" ">
            <subfield code="a">chi</subfield>
            <subfield code="h">eng</subfield>
        </datafield>
        <datafield tag="066" ind1=" " ind2=" ">
            <subfield code="c">$1</subfield>
        </datafield>
        <datafield tag="100" ind1="1" ind2=" ">
            <subfield code="a">Galsworthy, John,</subfield>
            <subfield code="d">1867-1933.</subfield>
        </datafield>
        <datafield tag="240" ind1="1" ind2="0">
            <subfield code="a">Apple tree.</subfield>
            <subfield code="l">Chinese</subfield>
        </datafield>
        <datafield tag="245" ind1="1" ind2="0">
            <subfield code="6">880-01</subfield>
            <subfield code="a">Ping guo shu /</subfield>
            <subfield code="c">Gaoersi Huasui zhu ; Duanmu Hongliang yi.</subfield>
        </datafield>
        <datafield tag="260" ind1=" " ind2=" ">
            <subfield code="6">880-02</subfield>
            <subfield code="a">Chongqing :</subfield>
            <subfield code="b">Jian guo shu dian fa xing,</subfield>
            <subfield code="c">Minguo 34 [1945]</subfield>
        </datafield>
        <datafield tag="300" ind1=" " ind2=" ">
            <subfield code="a">118 p. ;</subfield>
            <subfield code="c">20 cm.</subfield>
        </datafield>
        <datafield tag="490" ind1="1" ind2=" ">
            <subfield code="6">880-03</subfield>
            <subfield code="a">Shi jie wen yi jie zuo yi cong</subfield>
        </datafield>
        <datafield tag="490" ind1="1" ind2=" ">
            <subfield code="6">880-04</subfield>
            <subfield code="a">[Minguo ji cui xu]</subfield>
        </datafield>
        <datafield tag="500" ind1=" " ind2=" ">
            <subfield code="a">Translation of: Apple tree.</subfield>
        </datafield>
        <datafield tag="700" ind1="1" ind2=" ">
            <subfield code="6">880-06</subfield>
            <subfield code="a">Duanmu, Hongliang,</subfield>
            <subfield code="d">1912-1996.</subfield>
        </datafield>
        <datafield tag="830" ind1=" " ind2="0">
            <subfield code="6">880-07</subfield>
            <subfield code="a">Shi jie wen yi jie zuo yi cong.</subfield>
        </datafield>
        <datafield tag="830" ind1=" " ind2="0">
            <subfield code="6">880-08</subfield>
            <subfield code="a">Minguo ji cui xu.</subfield>
        </datafield>
    </record>