
    <record>
        <leader>01020cam a2200253 a 4500</leader>
        <controlfield tag="001">4511864</controlfield>
        <controlfield tag="005">19980728152656.3</controlfield>
        <controlfield tag="008">980302s1917    enk           000 0 eng  </controlfield>
        <datafield tag="010" ind1=" " ind2=" ">
            <subfield code="a">   98121203 </subfield>
        </datafield>
        <datafield tag="043" ind1=" " ind2=" ">
            <subfield code="a">e-uk-en</subfield>
        </datafield>
        <datafield tag="100" ind1="1" ind2=" ">
            <subfield code="a">Galsworthy, John,</subfield>
            <subfield code="d">1867-1933.</subfield>
        </datafield>
        <datafield tag="245" ind1="1" ind2="0">
            <subfield code="a">Pitiful /</subfield>
            <subfield code="c">John Galsworthy.</subfield>
        </datafield>
        <datafield tag="260" ind1=" " ind2=" ">
            <subfield code="a">[Birmingham, England?] :</subfield>
            <subfield code="b">Reprinted by Birmingham Branch of Our Dumb Friends League by special permission,</subfield>
            <subfield code="c">[1917?]</subfield>
        </datafield>
        <datafield tag="300" ind1=" " ind2=" ">
            <subfield code="a">1 sheet ([1] p.) ;</subfield>
            <subfield code="c">27 x 21 cm.</subfield>
        </datafield>
        <datafield tag="500" ind1=" " ind2=" ">
            <subfield code="a">First published in The nation, Aug. 7, 1917. Cf. Marrot, H.V. A bibliography of the works of John Galsworthy, 1928, p. 117, 163.</subfield>
        </datafield>
        <datafield tag="500" ind1=" " ind2=" ">
            <subfield code="a">Poem.</subfield>
        </datafield>
        <datafield tag="710" ind1="2" ind2=" ">
            <subfield code="a">Printed Ephemera Collection (Library of Congress)</subfield>
            <subfield code="5">DLC</subfield>
        </datafield>
    </record>