
    <record>
        <leader>00572cam a22001933  4500</leader>
        <controlfield tag="001">14226345</controlfield>
        <controlfield tag="005">20060112102610.0</controlfield>
        <controlfield tag="008">060111s1913    enk           000 1 eng  </controlfield>
        <datafield tag="010" ind1=" " ind2=" ">
            <subfield code="a">tmp92007285 </subfield>
        </datafield>
        <datafield tag="100" ind1="1" ind2=" ">
            <subfield code="a">Galsworthy, John,</subfield>
            <subfield code="d">1867-1933.</subfield>
        </datafield>
        <datafield tag="245" ind1="0" ind2="0">
            <subfield code="a">Plays ...</subfield>
        </datafield>
        <datafield tag="260" ind1=" " ind2=" ">
            <subfield code="a">London,</subfield>
            <subfield code="b">Duckworth and co.,</subfield>
            <subfield code="c">1913.</subfield>
        </datafield>
        <datafield tag="300" ind1=" " ind2=" ">
            <subfield code="a">v.</subfield>
            <subfield code="c">18 cm.</subfield>
        </datafield>
        <datafield tag="505" ind1="1" ind2=" ">
            <subfield code="a">v. 2. The eldest son. The little dream. Justice.</subfield>
        </datafield>
    </record>