
    <record>
        <leader>00961cam a22002051  4500</leader>
        <controlfield tag="001">1690559</controlfield>
        <controlfield tag="005">20020528171902.0</controlfield>
        <controlfield tag="008">730213s1928    nyu           000 0 eng  </controlfield>
        <datafield tag="010" ind1=" " ind2=" ">
            <subfield code="a">   28025469 </subfield>
        </datafield>
        <datafield tag="100" ind1="1" ind2=" ">
            <subfield code="a">Galsworthy, John,</subfield>
            <subfield code="d">1867-1933.</subfield>
        </datafield>
        <datafield tag="245" ind1="0" ind2="0">
            <subfield code="a">Plays,</subfield>
            <subfield code="c">by John Galsworthy.</subfield>
        </datafield>
        <datafield tag="260" ind1=" " ind2=" ">
            <subfield code="a">New York,</subfield>
            <subfield code="a">London,</subfield>
            <subfield code="b">C. Scribner's sons,</subfield>
            <subfield code="c">1928.</subfield>
        </datafield>
        <datafield tag="300" ind1=" " ind2=" ">
            <subfield code="a">vi, 698 p.</subfield>
            <subfield code="c">20 cm.</subfield>
        </datafield>
        <datafield tag="505" ind1="0" ind2=" ">
            <subfield code="a">The silver box.--Joy.--Strife.--The eldest son.--Justice.--The little dream.--The pigeon.--The fugitive.--The mob.--A bit o' love.--The foundations.--The skin game.--A family man.--Loyalties.--Windows.--The forest.--Old English.--The show.--Escape.--Six short plays: The first and the last. The little man. Hallmarked. Defeat. The sun. Punch and go.</subfield>
        </datafield>
    </record>