
    <record>
        <leader>01154ncm a22003493u 4500</leader>
        <controlfield tag="001">019285888</controlfield>
        <controlfield tag="003">Uk integrated</controlfield>
        <controlfield tag="005">20230223165857.0</controlfield>
        <controlfield tag="006">m    ||  z |      </controlfield>
        <controlfield tag="007">cr |||||||||||</controlfield>
        <controlfield tag="008">190306s2017    xxk|||| o||||||n  |      </controlfield>
        <datafield tag="028" ind1="3" ind2="2">
            <subfield code="a">32294</subfield>
            <subfield code="b">Music Sales</subfield>
            <subfield code="q">(Product Id)</subfield>
        </datafield>
        <datafield tag="028" ind1="3" ind2="2">
            <subfield code="a">smd_109105</subfield>
            <subfield code="b">Music Sales</subfield>
            <subfield code="q">(Cat Ref)</subfield>
        </datafield>
        <datafield tag="033" ind1="0" ind2=" ">
            <subfield code="a">20050606</subfield>
        </datafield>
        <datafield tag="082" ind1="1" ind2="4">
            <subfield code="a">780</subfield>
            <subfield code="2">15</subfield>
        </datafield>
        <datafield tag="245" ind1="0" ind2="0">
            <subfield code="a">Irene's Song (theme from The Forsyte Saga) /</subfield>
            <subfield code="c">[Geoffrey Burgon].</subfield>
        </datafield>
        <datafield tag="250" ind1=" " ind2=" ">
            <subfield code="a">Piano.</subfield>
        </datafield>
        <datafield tag="264" ind1=" " ind2="1">
            <subfield code="a">[United Kingdom] :</subfield>
            <subfield code="b">[Music Sales],</subfield>
            <subfield code="c">[2017]</subfield>
        </datafield>
        <datafield tag="300" ind1=" " ind2=" ">
            <subfield code="a">1 online resource (1 score (3 pages))</subfield>
        </datafield>
        <datafield tag="336" ind1=" " ind2=" ">
            <subfield code="a">notated music</subfield>
            <subfield code="2">rdacontent</subfield>
        </datafield>
        <datafield tag="337" ind1=" " ind2=" ">
            <subfield code="a">computer</subfield>
            <subfield code="2">rdamedia</subfield>
        </datafield>
        <datafield tag="338" ind1=" " ind2=" ">
            <subfield code="a">online resource</subfield>
            <subfield code="2">rdacarrier</subfield>
        </datafield>
        <datafield tag="365" ind1=" " ind2=" ">
            <subfield code="b">2.99</subfield>
            <subfield code="c">GBP</subfield>
        </datafield>
        <datafield tag="588" ind1=" " ind2=" ">
            <subfield code="a">Description based on publisher metadata.</subfield>
        </datafield>
        <datafield tag="720" ind1=" " ind2=" ">
            <subfield code="a">Geoffrey Burgon</subfield>
        </datafield>
    </record>