
    <record>
        <leader>01460cam a22003973a 4500</leader>
        <controlfield tag="001">018136378</controlfield>
        <controlfield tag="003">Uk integrated</controlfield>
        <controlfield tag="005">20161208174811.0</controlfield>
        <controlfield tag="008">991203s1928    is            000 f heb d</controlfield>
        <datafield tag="010" ind1=" " ind2=" ">
            <subfield code="a">   51047458 </subfield>
        </datafield>
        <datafield tag="100" ind1="1" ind2=" ">
            <subfield code="a">Galsworthy, John,</subfield>
            <subfield code="d">1867-1933</subfield>
            <subfield code="6">880-01</subfield>
        </datafield>
        <datafield tag="240" ind1="1" ind2="0">
            <subfield code="a">Stoic and ultima thule.</subfield>
            <subfield code="l">Hebrew</subfield>
        </datafield>
        <datafield tag="245" ind1="1" ind2="0">
            <subfield code="6">880-02</subfield>
            <subfield code="a">Sṭoʾiḳan =</subfield>
            <subfield code="b">Ultima thule /</subfield>
            <subfield code="c">targum me-Anglit, P. Ginzburg.</subfield>
        </datafield>
        <datafield tag="246" ind1="3" ind2="1">
            <subfield code="a">Ultima thule</subfield>
        </datafield>
        <datafield tag="260" ind1=" " ind2=" ">
            <subfield code="6">880-03</subfield>
            <subfield code="a">Yerushala[yi]m :</subfield>
            <subfield code="b">Mitspah,</subfield>
            <subfield code="c">[1929]</subfield>
        </datafield>
        <datafield tag="300" ind1=" " ind2=" ">
            <subfield code="a">172 p. ;</subfield>
            <subfield code="c">18 cm.</subfield>
        </datafield>
        <datafield tag="336" ind1=" " ind2=" ">
            <subfield code="a">text</subfield>
            <subfield code="2">rdacontent</subfield>
        </datafield>
        <datafield tag="337" ind1=" " ind2=" ">
            <subfield code="a">unmediated</subfield>
            <subfield code="2">rdamedia</subfield>
        </datafield>
        <datafield tag="338" ind1=" " ind2=" ">
            <subfield code="a">volume</subfield>
            <subfield code="2">rdacarrier</subfield>
        </datafield>
        <datafield tag="490" ind1="0" ind2=" ">
            <subfield code="6">880-04</subfield>
            <subfield code="a">Sifriyat Mitspah</subfield>
        </datafield>
        <datafield tag="490" ind1="0" ind2=" ">
            <subfield code="6">880-05</subfield>
            <subfield code="a">Sifre perozah</subfield>
        </datafield>
        <datafield tag="700" ind1="1" ind2=" ">
            <subfield code="a">Ginzburg, Pesach.</subfield>
            <subfield code="6">880-06</subfield>
        </datafield>
        <datafield tag="752" ind1=" " ind2=" ">
            <subfield code="a">Israel</subfield>
            <subfield code="d">Jerusalem.</subfield>
        </datafield>
    </record>