
    <record>
        <leader>01210aam a22003731i 4500</leader>
        <controlfield tag="001">017972404</controlfield>
        <controlfield tag="003">Uk integrated</controlfield>
        <controlfield tag="005">20190208202238.0</controlfield>
        <controlfield tag="006">m    ||  d |      </controlfield>
        <controlfield tag="007">cr |||||||||||</controlfield>
        <controlfield tag="008">160801s2014    xxk|||||o    |||| ||eng  </controlfield>
        <datafield tag="020" ind1=" " ind2=" ">
            <subfield code="a">1408149214</subfield>
            <subfield code="q">Electronic book (EPUB format)</subfield>
        </datafield>
        <datafield tag="020" ind1=" " ind2=" ">
            <subfield code="a">9781408149218</subfield>
            <subfield code="q">Electronic book (EPUB format)</subfield>
        </datafield>
        <datafield tag="037" ind1=" " ind2=" ">
            <subfield code="a">9781408149218</subfield>
            <subfield code="b">CodeMantra</subfield>
        </datafield>
        <datafield tag="082" ind1="0" ind2="4">
            <subfield code="a">822/.912</subfield>
            <subfield code="2">19</subfield>
        </datafield>
        <datafield tag="100" ind1="1" ind2=" ">
            <subfield code="a">Galsworthy, John,</subfield>
            <subfield code="d">1867-1933.</subfield>
        </datafield>
        <datafield tag="245" ind1="1" ind2="0">
            <subfield code="a">Strife /</subfield>
            <subfield code="c">John Galsworthy ; with commentary and notes by Non Worrall.</subfield>
        </datafield>
        <datafield tag="264" ind1=" " ind2="1">
            <subfield code="a">London :</subfield>
            <subfield code="b">Bloomsbury Methuen Drama,</subfield>
            <subfield code="c">2014, copyright 2014.</subfield>
        </datafield>
        <datafield tag="300" ind1=" " ind2=" ">
            <subfield code="a">1 online resource (104 pages).</subfield>
        </datafield>
        <datafield tag="336" ind1=" " ind2=" ">
            <subfield code="a">text</subfield>
            <subfield code="2">rdacontent</subfield>
        </datafield>
        <datafield tag="337" ind1=" " ind2=" ">
            <subfield code="a">computer</subfield>
            <subfield code="2">rdamedia</subfield>
        </datafield>
        <datafield tag="338" ind1=" " ind2=" ">
            <subfield code="a">online resource</subfield>
            <subfield code="2">rdacarrier</subfield>
        </datafield>
        <datafield tag="490" ind1="0" ind2=" ">
            <subfield code="a">Methuen student editions</subfield>
        </datafield>
        <datafield tag="700" ind1="1" ind2=" ">
            <subfield code="a">Worrall, Non.</subfield>
        </datafield>
    </record>