
    <record>
        <leader>00920nam a2200265 a 4500</leader>
        <controlfield tag="001">016661510</controlfield>
        <controlfield tag="003">Uk integrated</controlfield>
        <controlfield tag="005">20140331115003.0</controlfield>
        <controlfield tag="008">980708s1964    nyua          000 0 eng  </controlfield>
        <datafield tag="010" ind1=" " ind2=" ">
            <subfield code="a">65002033</subfield>
        </datafield>
        <datafield tag="100" ind1="1" ind2=" ">
            <subfield code="a">Galsworthy, John,</subfield>
            <subfield code="d">1867-1933.</subfield>
        </datafield>
        <datafield tag="245" ind1="1" ind2="4">
            <subfield code="a">The man of property /</subfield>
            <subfield code="c">John Galsworthy ; with an introduction by Evelyn Waugh ; illustrations by Charles Mozley.</subfield>
        </datafield>
        <datafield tag="260" ind1=" " ind2=" ">
            <subfield code="a">New York,</subfield>
            <subfield code="b">Heritage Press :</subfield>
            <subfield code="c">[c1964]</subfield>
        </datafield>
        <datafield tag="300" ind1=" " ind2=" ">
            <subfield code="a">x, 285 p. :</subfield>
            <subfield code="b">ill. (part col.)</subfield>
            <subfield code="c">28 cm.</subfield>
        </datafield>
        <datafield tag="336" ind1=" " ind2=" ">
            <subfield code="a">text</subfield>
            <subfield code="2">rdacontent</subfield>
        </datafield>
        <datafield tag="337" ind1=" " ind2=" ">
            <subfield code="a">unmediated</subfield>
            <subfield code="2">rdamedia</subfield>
        </datafield>
        <datafield tag="338" ind1=" " ind2=" ">
            <subfield code="a">volume</subfield>
            <subfield code="2">rdacarrier</subfield>
        </datafield>
        <datafield tag="700" ind1="1" ind2=" ">
            <subfield code="a">Mozley, Charles.</subfield>
        </datafield>
        <datafield tag="700" ind1="1" ind2=" ">
            <subfield code="a">Waugh, Evelyn,</subfield>
            <subfield code="d">1903-1966.</subfield>
        </datafield>
    </record>