
    <record>
        <leader>00790nam a2200253 a 4500</leader>
        <controlfield tag="001">016165874</controlfield>
        <controlfield tag="003">Uk integrated</controlfield>
        <controlfield tag="005">20120907161011.0</controlfield>
        <controlfield tag="008">981103s1956    xr            000 f cze d</controlfield>
        <datafield tag="041" ind1="1" ind2=" ">
            <subfield code="a">cze</subfield>
            <subfield code="h">eng</subfield>
        </datafield>
        <datafield tag="100" ind1="1" ind2=" ">
            <subfield code="a">Galsworthy, John,</subfield>
            <subfield code="d">1867-1933.</subfield>
        </datafield>
        <datafield tag="240" ind1="1" ind2="0">
            <subfield code="a">The Country House</subfield>
            <subfield code="l">Czech</subfield>
        </datafield>
        <datafield tag="245" ind1="1" ind2="0">
            <subfield code="a">Venkovské sídlo /</subfield>
            <subfield code="c">John Galsworthy ; [translated by Květa Milcová].</subfield>
        </datafield>
        <datafield tag="260" ind1=" " ind2=" ">
            <subfield code="a">Praha :</subfield>
            <subfield code="b">SNKLHU,</subfield>
            <subfield code="c">1956.</subfield>
        </datafield>
        <datafield tag="300" ind1=" " ind2=" ">
            <subfield code="a">263 p. ;</subfield>
            <subfield code="c">21 cm.</subfield>
        </datafield>
        <datafield tag="336" ind1=" " ind2=" ">
            <subfield code="a">text</subfield>
            <subfield code="2">rdacontent</subfield>
        </datafield>
        <datafield tag="337" ind1=" " ind2=" ">
            <subfield code="a">unmediated</subfield>
            <subfield code="2">rdamedia</subfield>
        </datafield>
        <datafield tag="338" ind1=" " ind2=" ">
            <subfield code="a">volume</subfield>
            <subfield code="2">rdacarrier</subfield>
        </datafield>
        <datafield tag="490" ind1="1" ind2=" ">
            <subfield code="a">Klub čtenářů ;</subfield>
            <subfield code="v">Sv. 45</subfield>
        </datafield>
        <datafield tag="700" ind1="1" ind2=" ">
            <subfield code="a">Milcová, Květa,</subfield>
            <subfield code="d">1897-1956.</subfield>
        </datafield>
        <datafield tag="830" ind1=" " ind2="0">
            <subfield code="a">Klub čtenářů (SNKLHU)</subfield>
        </datafield>
    </record>