
    <record>
        <leader>00783nam a2200253 a 4500</leader>
        <controlfield tag="001">016045996</controlfield>
        <controlfield tag="003">Uk integrated</controlfield>
        <controlfield tag="005">20120308112033.0</controlfield>
        <controlfield tag="008">120307s2010    xn            000 f macr </controlfield>
        <datafield tag="020" ind1=" " ind2=" ">
            <subfield code="a">9786082011240</subfield>
        </datafield>
        <datafield tag="041" ind1="1" ind2=" ">
            <subfield code="a">mac</subfield>
            <subfield code="h">eng</subfield>
        </datafield>
        <datafield tag="100" ind1="1" ind2=" ">
            <subfield code="a">Galsworthy, John,</subfield>
            <subfield code="d">1867-1933.</subfield>
        </datafield>
        <datafield tag="240" ind1="1" ind2="0">
            <subfield code="a">Autumn</subfield>
            <subfield code="p">The dark flower.</subfield>
            <subfield code="l">Macedonian</subfield>
        </datafield>
        <datafield tag="245" ind1="1" ind2="0">
            <subfield code="a">Esen :</subfield>
            <subfield code="b">tret del od trilogijata Temniot cvet /</subfield>
            <subfield code="c">Đon Golsvordi.</subfield>
        </datafield>
        <datafield tag="260" ind1=" " ind2=" ">
            <subfield code="a">[Štip] :</subfield>
            <subfield code="b">Ǵurǵa,</subfield>
            <subfield code="c">2010.</subfield>
        </datafield>
        <datafield tag="300" ind1=" " ind2=" ">
            <subfield code="a">94 p. ;</subfield>
            <subfield code="c">20 cm.</subfield>
        </datafield>
        <datafield tag="336" ind1=" " ind2=" ">
            <subfield code="a">text</subfield>
            <subfield code="2">rdacontent</subfield>
        </datafield>
        <datafield tag="337" ind1=" " ind2=" ">
            <subfield code="a">unmediated</subfield>
            <subfield code="2">rdamedia</subfield>
        </datafield>
        <datafield tag="338" ind1=" " ind2=" ">
            <subfield code="a">volume</subfield>
            <subfield code="2">rdacarrier</subfield>
        </datafield>
        <datafield tag="490" ind1="0" ind2=" ">
            <subfield code="a">Biblioteka Riznica Nobelovci</subfield>
        </datafield>
        <datafield tag="500" ind1=" " ind2=" ">
            <subfield code="a">"tret del od trilogijata Temniot cvet"--t.p.</subfield>
        </datafield>
    </record>