
    <record>
        <leader>01442cam a2200349 a 4500</leader>
        <controlfield tag="001">015514912</controlfield>
        <controlfield tag="003">Uk integrated</controlfield>
        <controlfield tag="005">20100323113924.0</controlfield>
        <controlfield tag="008">990826s1922    pl            000 d yid d</controlfield>
        <datafield tag="041" ind1="1" ind2=" ">
            <subfield code="a">yid</subfield>
            <subfield code="h">eng</subfield>
        </datafield>
        <datafield tag="100" ind1="1" ind2=" ">
            <subfield code="a">Galsworthy, John,</subfield>
            <subfield code="d">1867-1933</subfield>
            <subfield code="6">880-01</subfield>
        </datafield>
        <datafield tag="240" ind1="1" ind2="0">
            <subfield code="a">Strife.</subfield>
            <subfield code="l">Yiddish</subfield>
        </datafield>
        <datafield tag="245" ind1="1" ind2="0">
            <subfield code="6">880-02</subfield>
            <subfield code="a">Ḳamf :</subfield>
            <subfield code="b">a drame in 3 aḳṭn un 4 bilder /</subfield>
            <subfield code="c">Dzshon Golsṿorṭi ; ibergezetsṭ fun English, Ṿ Ṿalṭ.</subfield>
        </datafield>
        <datafield tag="260" ind1=" " ind2=" ">
            <subfield code="6">880-03</subfield>
            <subfield code="a">Ṿarshe :</subfield>
            <subfield code="b">Farlag "Di ṿelṭ",</subfield>
            <subfield code="c">1922.</subfield>
        </datafield>
        <datafield tag="300" ind1=" " ind2=" ">
            <subfield code="a">147 p. ;</subfield>
            <subfield code="c">20 cm.</subfield>
        </datafield>
        <datafield tag="336" ind1=" " ind2=" ">
            <subfield code="a">text</subfield>
            <subfield code="2">rdacontent</subfield>
        </datafield>
        <datafield tag="337" ind1=" " ind2=" ">
            <subfield code="a">unmediated</subfield>
            <subfield code="2">rdamedia</subfield>
        </datafield>
        <datafield tag="338" ind1=" " ind2=" ">
            <subfield code="a">volume</subfield>
            <subfield code="2">rdacarrier</subfield>
        </datafield>
        <datafield tag="500" ind1=" " ind2=" ">
            <subfield code="a">Translation of: Strife.</subfield>
        </datafield>
        <datafield tag="700" ind1="1" ind2=" ">
            <subfield code="a">Ṿalṭ, Ṿ.</subfield>
            <subfield code="6">880-04</subfield>
        </datafield>
        <datafield tag="752" ind1=" " ind2=" ">
            <subfield code="a">Poland</subfield>
            <subfield code="d">Warsaw</subfield>
        </datafield>
    </record>