
    <record>
        <leader>01198cam a2200313 a 4500</leader>
        <controlfield tag="001">015497174</controlfield>
        <controlfield tag="003">Uk integrated</controlfield>
        <controlfield tag="005">20100226162916.0</controlfield>
        <controlfield tag="008">080810s1946    is            000 | heb d</controlfield>
        <datafield tag="100" ind1="1" ind2=" ">
            <subfield code="a">Galsworthy, John,</subfield>
            <subfield code="d">1867-1933</subfield>
            <subfield code="6">880-01</subfield>
        </datafield>
        <datafield tag="240" ind1="1" ind2="0">
            <subfield code="a">Swan song.</subfield>
            <subfield code="l">Hebrew.</subfield>
        </datafield>
        <datafield tag="245" ind1="1" ind2="0">
            <subfield code="6">880-02</subfield>
            <subfield code="a">Shirat ha-barbur /</subfield>
            <subfield code="c">Dzshon Galsṿorti ; me-Anglit Yaʿaḳov Orland.</subfield>
        </datafield>
        <datafield tag="260" ind1=" " ind2=" ">
            <subfield code="6">880-03</subfield>
            <subfield code="a">Tel-Aviv :</subfield>
            <subfield code="b">N. Ṭversḳi,</subfield>
            <subfield code="c">706, 1946.</subfield>
        </datafield>
        <datafield tag="300" ind1=" " ind2=" ">
            <subfield code="a">2 v. (444 p.)</subfield>
        </datafield>
        <datafield tag="336" ind1=" " ind2=" ">
            <subfield code="a">text</subfield>
            <subfield code="2">rdacontent</subfield>
        </datafield>
        <datafield tag="337" ind1=" " ind2=" ">
            <subfield code="a">unmediated</subfield>
            <subfield code="2">rdamedia</subfield>
        </datafield>
        <datafield tag="338" ind1=" " ind2=" ">
            <subfield code="a">volume</subfield>
            <subfield code="2">rdacarrier</subfield>
        </datafield>
        <datafield tag="490" ind1="0" ind2=" ">
            <subfield code="6">880-04</subfield>
            <subfield code="a">Ḳomedyah modernit</subfield>
        </datafield>
        <datafield tag="500" ind1=" " ind2=" ">
            <subfield code="a">The pagination is continuous.</subfield>
        </datafield>
        <datafield tag="700" ind1="1" ind2=" ">
            <subfield code="a">Orland, Yaʿaḳov.</subfield>
            <subfield code="6">880-05</subfield>
        </datafield>
    </record>