
    <record>
        <leader>01265cam a2200313 a 4500</leader>
        <controlfield tag="001">015497170</controlfield>
        <controlfield tag="003">Uk integrated</controlfield>
        <controlfield tag="005">20100226162823.0</controlfield>
        <controlfield tag="008">080810s1946    is            000 1 heb d</controlfield>
        <datafield tag="100" ind1="1" ind2=" ">
            <subfield code="a">Galsworthy, John,</subfield>
            <subfield code="d">1867-1933</subfield>
            <subfield code="6">880-01</subfield>
        </datafield>
        <datafield tag="240" ind1="1" ind2="4">
            <subfield code="a">The white monkey.</subfield>
            <subfield code="l">Hebrew.</subfield>
        </datafield>
        <datafield tag="245" ind1="1" ind2="3">
            <subfield code="6">880-02</subfield>
            <subfield code="a">ha-Kof ha-lavan :</subfield>
            <subfield code="b">roman /</subfield>
            <subfield code="c">Dzshon Galsṿorti ; tirgem me-Anglit - Eliʿezer Lubrani.</subfield>
        </datafield>
        <datafield tag="260" ind1=" " ind2=" ">
            <subfield code="6">880-03</subfield>
            <subfield code="a">Tel-Aviv :</subfield>
            <subfield code="b">N. Tversḳi,</subfield>
            <subfield code="c">706, 1946.</subfield>
        </datafield>
        <datafield tag="300" ind1=" " ind2=" ">
            <subfield code="a">v. &lt;1&gt;</subfield>
        </datafield>
        <datafield tag="336" ind1=" " ind2=" ">
            <subfield code="a">text</subfield>
            <subfield code="2">rdacontent</subfield>
        </datafield>
        <datafield tag="337" ind1=" " ind2=" ">
            <subfield code="a">unmediated</subfield>
            <subfield code="2">rdamedia</subfield>
        </datafield>
        <datafield tag="338" ind1=" " ind2=" ">
            <subfield code="a">volume</subfield>
            <subfield code="2">rdacarrier</subfield>
        </datafield>
        <datafield tag="700" ind1="1" ind2=" ">
            <subfield code="a">Lubrani, Eliezer.</subfield>
            <subfield code="6">880-04</subfield>
        </datafield>
    </record>