
    <record>
        <leader>01400cam a2200385 a 4500</leader>
        <controlfield tag="001">015497131</controlfield>
        <controlfield tag="003">Uk integrated</controlfield>
        <controlfield tag="005">20100226151505.0</controlfield>
        <controlfield tag="008">830526s1928    is            000 | heb d</controlfield>
        <datafield tag="010" ind1=" " ind2=" ">
            <subfield code="a">51047458</subfield>
        </datafield>
        <datafield tag="100" ind1="1" ind2=" ">
            <subfield code="a">Galsworthy, John,</subfield>
            <subfield code="d">1867-1933</subfield>
            <subfield code="6">880-01</subfield>
        </datafield>
        <datafield tag="240" ind1="1" ind2="0">
            <subfield code="a">Stoic.</subfield>
            <subfield code="l">Hebrew.</subfield>
        </datafield>
        <datafield tag="245" ind1="1" ind2="0">
            <subfield code="6">880-02</subfield>
            <subfield code="a">Sṭoʾiḳan = Ultima Thule /</subfield>
            <subfield code="c">targum me-ʾAnglit P. Ginzburg.</subfield>
        </datafield>
        <datafield tag="246" ind1="3" ind2="1">
            <subfield code="a">Ultima thule</subfield>
        </datafield>
        <datafield tag="260" ind1=" " ind2=" ">
            <subfield code="6">880-03</subfield>
            <subfield code="a">Yerushala[yi]m :</subfield>
            <subfield code="b">Mitspah,</subfield>
            <subfield code="c">[1928 or 1929]</subfield>
        </datafield>
        <datafield tag="300" ind1=" " ind2=" ">
            <subfield code="a">172 p. ;</subfield>
            <subfield code="c">18 cm.</subfield>
        </datafield>
        <datafield tag="336" ind1=" " ind2=" ">
            <subfield code="a">text</subfield>
            <subfield code="2">rdacontent</subfield>
        </datafield>
        <datafield tag="337" ind1=" " ind2=" ">
            <subfield code="a">unmediated</subfield>
            <subfield code="2">rdamedia</subfield>
        </datafield>
        <datafield tag="338" ind1=" " ind2=" ">
            <subfield code="a">volume</subfield>
            <subfield code="2">rdacarrier</subfield>
        </datafield>
        <datafield tag="490" ind1="0" ind2=" ">
            <subfield code="6">880-04</subfield>
            <subfield code="a">Sifriyat Mitspah</subfield>
        </datafield>
        <datafield tag="490" ind1="0" ind2=" ">
            <subfield code="6">880-05</subfield>
            <subfield code="a">Sifre prozah</subfield>
        </datafield>
        <datafield tag="700" ind1="1" ind2=" ">
            <subfield code="a">Ginzburg, Pesaḥ,</subfield>
            <subfield code="d">1894-1947</subfield>
            <subfield code="6">880-06</subfield>
        </datafield>
        <datafield tag="752" ind1=" " ind2=" ">
            <subfield code="a">Israel</subfield>
            <subfield code="d">Jerusalem</subfield>
        </datafield>
    </record>