
    <record>
        <leader>01450nam a2200349 a 4500</leader>
        <controlfield tag="001">015497116</controlfield>
        <controlfield tag="003">Uk integrated</controlfield>
        <controlfield tag="005">20100226150639.0</controlfield>
        <controlfield tag="008">070329s1946    is            000 | heb d</controlfield>
        <datafield tag="100" ind1="1" ind2=" ">
            <subfield code="a">Galsworthy, John,</subfield>
            <subfield code="d">1867-1933</subfield>
            <subfield code="6">880-01</subfield>
        </datafield>
        <datafield tag="240" ind1="1" ind2="0">
            <subfield code="a">Silver spoon.</subfield>
            <subfield code="l">Hebrew.</subfield>
        </datafield>
        <datafield tag="245" ind1="1" ind2="0">
            <subfield code="6">880-02</subfield>
            <subfield code="a">Ḳomedyah modernit :</subfield>
            <subfield code="b">Kaf ha-kesef /</subfield>
            <subfield code="c">G'on Galsṿorti ; me-Anglit heleḳ 1 ʿAmihud Ṭurai ; ḥeleḳ 2 Yaʿaḳov Orland.</subfield>
        </datafield>
        <datafield tag="246" ind1="3" ind2=" ">
            <subfield code="a">Kaf ha-kesef</subfield>
        </datafield>
        <datafield tag="260" ind1=" " ind2=" ">
            <subfield code="6">880-03</subfield>
            <subfield code="a">Tel-Aviv :</subfield>
            <subfield code="b">N. Ṭversḳi,</subfield>
            <subfield code="c">1946.</subfield>
        </datafield>
        <datafield tag="300" ind1=" " ind2=" ">
            <subfield code="a">v. &lt;2&gt; ;</subfield>
            <subfield code="c">18 cm.</subfield>
        </datafield>
        <datafield tag="336" ind1=" " ind2=" ">
            <subfield code="a">text</subfield>
            <subfield code="2">rdacontent</subfield>
        </datafield>
        <datafield tag="337" ind1=" " ind2=" ">
            <subfield code="a">unmediated</subfield>
            <subfield code="2">rdamedia</subfield>
        </datafield>
        <datafield tag="338" ind1=" " ind2=" ">
            <subfield code="a">volume</subfield>
            <subfield code="2">rdacarrier</subfield>
        </datafield>
        <datafield tag="500" ind1=" " ind2=" ">
            <subfield code="a">The pagination is continuous.</subfield>
        </datafield>
        <datafield tag="700" ind1="1" ind2=" ">
            <subfield code="a">Orland, Yaʿaḳov.</subfield>
            <subfield code="6">880-05</subfield>
        </datafield>
        <datafield tag="700" ind1="1" ind2=" ">
            <subfield code="a">Turai, Amihud.</subfield>
            <subfield code="6">880-04</subfield>
        </datafield>
        <datafield tag="752" ind1=" " ind2=" ">
            <subfield code="a">Israel</subfield>
            <subfield code="d">Tel Aviv.</subfield>
        </datafield>
    </record>