
    <record>
        <leader>01278cam a2200325 a 4500</leader>
        <controlfield tag="001">015497081</controlfield>
        <controlfield tag="003">Uk integrated</controlfield>
        <controlfield tag="005">20100226142109.0</controlfield>
        <controlfield tag="008">991130m19301931is            000 f heb d</controlfield>
        <datafield tag="041" ind1="1" ind2=" ">
            <subfield code="a">heb</subfield>
            <subfield code="h">eng</subfield>
        </datafield>
        <datafield tag="100" ind1="1" ind2=" ">
            <subfield code="a">Galsworthy, John,</subfield>
            <subfield code="d">1867-1933</subfield>
            <subfield code="6">880-01</subfield>
        </datafield>
        <datafield tag="240" ind1="1" ind2="0">
            <subfield code="a">Forsyte saga.</subfield>
            <subfield code="l">Hebrew</subfield>
        </datafield>
        <datafield tag="245" ind1="1" ind2="3">
            <subfield code="6">880-02</subfield>
            <subfield code="a">ha-Hagadah shel bet Forsaiṭ /</subfield>
            <subfield code="c">tirgem me-Anglit Y. L. Barukh.</subfield>
        </datafield>
        <datafield tag="260" ind1=" " ind2=" ">
            <subfield code="6">880-03</subfield>
            <subfield code="a">Berlin ;</subfield>
            <subfield code="a">Tel-Aviv :</subfield>
            <subfield code="b">Y. L. Shṭibel,</subfield>
            <subfield code="c">1930-1931.</subfield>
        </datafield>
        <datafield tag="300" ind1=" " ind2=" ">
            <subfield code="a">5 v.</subfield>
        </datafield>
        <datafield tag="336" ind1=" " ind2=" ">
            <subfield code="a">text</subfield>
            <subfield code="2">rdacontent</subfield>
        </datafield>
        <datafield tag="337" ind1=" " ind2=" ">
            <subfield code="a">unmediated</subfield>
            <subfield code="2">rdamedia</subfield>
        </datafield>
        <datafield tag="338" ind1=" " ind2=" ">
            <subfield code="a">volume</subfield>
            <subfield code="2">rdacarrier</subfield>
        </datafield>
        <datafield tag="500" ind1=" " ind2=" ">
            <subfield code="a">Translation of: The Forsyte saga.</subfield>
        </datafield>
        <datafield tag="700" ind1="1" ind2=" ">
            <subfield code="a">Barukh, Y. L.</subfield>
            <subfield code="q">(Yitsḥaḳ Leib),</subfield>
            <subfield code="d">1874-1953</subfield>
            <subfield code="6">880-04</subfield>
        </datafield>
    </record>