
    <record>
        <leader>01194ncm a22002653  4500</leader>
        <controlfield tag="001">014989684</controlfield>
        <controlfield tag="003">Uk integrated</controlfield>
        <controlfield tag="005">20230405140715.0</controlfield>
        <controlfield tag="008">071113s1913    enk||||        || ||eng  </controlfield>
        <datafield tag="019" ind1="m" ind2=" ">
            <subfield code="a">M08490266</subfield>
        </datafield>
        <datafield tag="082" ind1="1" ind2="4">
            <subfield code="a">780</subfield>
            <subfield code="2">15</subfield>
        </datafield>
        <datafield tag="100" ind1="1" ind2=" ">
            <subfield code="a">Galsworthy, Ada,</subfield>
            <subfield code="d">-1956.</subfield>
        </datafield>
        <datafield tag="240" ind1="1" ind2="0">
            <subfield code="a">Songs.</subfield>
            <subfield code="k">Selections</subfield>
        </datafield>
        <datafield tag="245" ind1="1" ind2="0">
            <subfield code="a">Seventeen songs /</subfield>
            <subfield code="c">by Ada and John Galsworthy.</subfield>
        </datafield>
        <datafield tag="260" ind1=" " ind2=" ">
            <subfield code="a">London :</subfield>
            <subfield code="b">Schott &amp; Co.,</subfield>
            <subfield code="c">c.1913.</subfield>
        </datafield>
        <datafield tag="300" ind1=" " ind2=" ">
            <subfield code="a">vi, 49 pages ;</subfield>
            <subfield code="c">31 cm</subfield>
        </datafield>
        <datafield tag="336" ind1=" " ind2=" ">
            <subfield code="a">notated music</subfield>
            <subfield code="2">rdacontent</subfield>
        </datafield>
        <datafield tag="337" ind1=" " ind2=" ">
            <subfield code="a">unmediated</subfield>
            <subfield code="2">rdamedia</subfield>
        </datafield>
        <datafield tag="338" ind1=" " ind2=" ">
            <subfield code="a">volume</subfield>
            <subfield code="2">rdacarrier</subfield>
        </datafield>
        <datafield tag="500" ind1=" " ind2=" ">
            <subfield code="a">Words by John Galsworthy.</subfield>
        </datafield>
        <datafield tag="505" ind1="0" ind2=" ">
            <subfield code="a">1. A mood -- 2. June -- 3. Wind! wind! -- 4. When love is young -- 5. Magpie -- 6. Counting the stars -- 7. The Moor grave -- 8. The Irish blackbird -- 9. Past -- 10. Spring -- 11. Rose and yew -- 12. Blackbird's love song -- 13. Straw in the street -- 14. The almond tree -- 15. The moon at dawn -- 16. Rhyme of the land and sea -- 17. The downs.</subfield>
        </datafield>
        <datafield tag="700" ind1="1" ind2=" ">
            <subfield code="a">Galsworthy, John,</subfield>
            <subfield code="d">1867-1933.</subfield>
        </datafield>
    </record>