
    <record>
        <leader>00644nam a22002053  4500</leader>
        <controlfield tag="001">014425314</controlfield>
        <controlfield tag="003">Uk integrated</controlfield>
        <controlfield tag="005">20190214125815.0</controlfield>
        <controlfield tag="008">060819s1960    hu ||||       ||| f|hun  </controlfield>
        <datafield tag="041" ind1="1" ind2=" ">
            <subfield code="a">hun</subfield>
            <subfield code="h">eng</subfield>
        </datafield>
        <datafield tag="100" ind1="1" ind2=" ">
            <subfield code="a">Galsworthy, John,</subfield>
            <subfield code="d">1867-1933.</subfield>
        </datafield>
        <datafield tag="245" ind1="1" ind2="2">
            <subfield code="a">A Forsyte-saga.</subfield>
            <subfield code="n">Vol. 2. /</subfield>
            <subfield code="c">transl. by M. Szabo and T. Szobotka.</subfield>
        </datafield>
        <datafield tag="260" ind1=" " ind2=" ">
            <subfield code="a">Budapest :</subfield>
            <subfield code="b">Europa,</subfield>
            <subfield code="c">1960.</subfield>
        </datafield>
        <datafield tag="336" ind1=" " ind2=" ">
            <subfield code="a">text</subfield>
            <subfield code="2">rdacontent</subfield>
        </datafield>
        <datafield tag="337" ind1=" " ind2=" ">
            <subfield code="a">unmediated</subfield>
            <subfield code="2">rdamedia</subfield>
        </datafield>
        <datafield tag="338" ind1=" " ind2=" ">
            <subfield code="a">volume</subfield>
            <subfield code="2">rdacarrier</subfield>
        </datafield>
        <datafield tag="700" ind1="1" ind2=" ">
            <subfield code="a">Szabó, Magda,</subfield>
            <subfield code="d">1917-2007,</subfield>
            <subfield code="e">translator.</subfield>
        </datafield>
        <datafield tag="700" ind1="1" ind2=" ">
            <subfield code="a">Szobotka, Tibor,</subfield>
            <subfield code="d">1913-1982,</subfield>
            <subfield code="e">translator.</subfield>
        </datafield>
    </record>