
    <record>
        <leader>00603nam a22001933  4500</leader>
        <controlfield tag="001">014182198</controlfield>
        <controlfield tag="003">Uk integrated</controlfield>
        <controlfield tag="005">20071022164717.0</controlfield>
        <controlfield tag="008">061013r19621939|||||||       ||| ||eng  </controlfield>
        <datafield tag="100" ind1="1" ind2=" ">
            <subfield code="a">Hudson, W. H.</subfield>
            <subfield code="q">(William Henry),</subfield>
            <subfield code="d">1841-1922.</subfield>
        </datafield>
        <datafield tag="245" ind1="1" ind2="0">
            <subfield code="a">Far away and long ago /</subfield>
            <subfield code="c">introduction by John Galsworthy.</subfield>
        </datafield>
        <datafield tag="260" ind1=" " ind2=" ">
            <subfield code="a">[S.l.] :</subfield>
            <subfield code="b">Dent,</subfield>
            <subfield code="c">1939 (1962)</subfield>
        </datafield>
        <datafield tag="336" ind1=" " ind2=" ">
            <subfield code="a">text</subfield>
            <subfield code="2">rdacontent</subfield>
        </datafield>
        <datafield tag="337" ind1=" " ind2=" ">
            <subfield code="a">unmediated</subfield>
            <subfield code="2">rdamedia</subfield>
        </datafield>
        <datafield tag="338" ind1=" " ind2=" ">
            <subfield code="a">volume</subfield>
            <subfield code="2">rdacarrier</subfield>
        </datafield>
        <datafield tag="490" ind1="0" ind2=" ">
            <subfield code="a">Everyman's library ;</subfield>
            <subfield code="v">956</subfield>
        </datafield>
        <datafield tag="700" ind1="1" ind2=" ">
            <subfield code="a">Galsworthy, John,</subfield>
            <subfield code="d">1867-1933.</subfield>
        </datafield>
    </record>