
    <record>
        <leader>00538nam a22001813  4500</leader>
        <controlfield tag="001">014130687</controlfield>
        <controlfield tag="003">Uk integrated</controlfield>
        <controlfield tag="005">20071018162920.0</controlfield>
        <controlfield tag="008">060819r19501927|||||||       ||| ||eng  </controlfield>
        <datafield tag="100" ind1="1" ind2=" ">
            <subfield code="a">Galsworthy, John,</subfield>
            <subfield code="d">1867-1933.</subfield>
        </datafield>
        <datafield tag="245" ind1="1" ind2="0">
            <subfield code="a">Saint's progress.</subfield>
        </datafield>
        <datafield tag="260" ind1=" " ind2=" ">
            <subfield code="a">[S.l.] :</subfield>
            <subfield code="b">William Heinemann,</subfield>
            <subfield code="c">1927 (1950)</subfield>
        </datafield>
        <datafield tag="336" ind1=" " ind2=" ">
            <subfield code="a">text</subfield>
            <subfield code="2">rdacontent</subfield>
        </datafield>
        <datafield tag="337" ind1=" " ind2=" ">
            <subfield code="a">unmediated</subfield>
            <subfield code="2">rdamedia</subfield>
        </datafield>
        <datafield tag="338" ind1=" " ind2=" ">
            <subfield code="a">volume</subfield>
            <subfield code="2">rdacarrier</subfield>
        </datafield>
        <datafield tag="490" ind1="0" ind2=" ">
            <subfield code="a">Works of John Galsworthy grove edition ;</subfield>
            <subfield code="v">vol 8</subfield>
        </datafield>
    </record>