
    <record>
        <leader>00685nam a22002053  4500</leader>
        <controlfield tag="001">014130682</controlfield>
        <controlfield tag="003">Uk integrated</controlfield>
        <controlfield tag="005">20201127181950.0</controlfield>
        <controlfield tag="008">060819s1965    |||||||       ||| ||fre  </controlfield>
        <datafield tag="041" ind1="1" ind2=" ">
            <subfield code="a">fre</subfield>
            <subfield code="h">eng</subfield>
        </datafield>
        <datafield tag="100" ind1="1" ind2=" ">
            <subfield code="a">Galsworthy, John,</subfield>
            <subfield code="d">1867-1933.</subfield>
        </datafield>
        <datafield tag="245" ind1="1" ind2="2">
            <subfield code="a">A louer :</subfield>
            <subfield code="b">roman traduit de l'anglais /</subfield>
            <subfield code="c">par Paulette Michel-Cote.</subfield>
        </datafield>
        <datafield tag="260" ind1=" " ind2=" ">
            <subfield code="a">[S.l.] :</subfield>
            <subfield code="b">Calmann-Levy,</subfield>
            <subfield code="c">1965.</subfield>
        </datafield>
        <datafield tag="336" ind1=" " ind2=" ">
            <subfield code="a">text</subfield>
            <subfield code="2">rdacontent</subfield>
        </datafield>
        <datafield tag="337" ind1=" " ind2=" ">
            <subfield code="a">unmediated</subfield>
            <subfield code="2">rdamedia</subfield>
        </datafield>
        <datafield tag="338" ind1=" " ind2=" ">
            <subfield code="a">volume</subfield>
            <subfield code="2">rdacarrier</subfield>
        </datafield>
        <datafield tag="700" ind1="1" ind2=" ">
            <subfield code="a">Michel-Cote, Paulette.</subfield>
        </datafield>
    </record>