
    <record>
        <leader>00540nam a22001813  4500</leader>
        <controlfield tag="001">014130681</controlfield>
        <controlfield tag="003">Uk integrated</controlfield>
        <controlfield tag="005">20071018162920.0</controlfield>
        <controlfield tag="008">060819r19651964|||||||       ||| ||eng  </controlfield>
        <datafield tag="100" ind1="1" ind2=" ">
            <subfield code="a">Galsworthy, John,</subfield>
            <subfield code="d">1867-1933.</subfield>
        </datafield>
        <datafield tag="245" ind1="1" ind2="0">
            <subfield code="a">Justice :</subfield>
            <subfield code="b">A Tragedy in Four Acts /</subfield>
            <subfield code="c">Edited by John Hampden.</subfield>
        </datafield>
        <datafield tag="260" ind1=" " ind2=" ">
            <subfield code="a">[S.l.] :</subfield>
            <subfield code="b">Duckworth,</subfield>
            <subfield code="c">1964 (1965)</subfield>
        </datafield>
        <datafield tag="336" ind1=" " ind2=" ">
            <subfield code="a">text</subfield>
            <subfield code="2">rdacontent</subfield>
        </datafield>
        <datafield tag="337" ind1=" " ind2=" ">
            <subfield code="a">unmediated</subfield>
            <subfield code="2">rdamedia</subfield>
        </datafield>
        <datafield tag="338" ind1=" " ind2=" ">
            <subfield code="a">volume</subfield>
            <subfield code="2">rdacarrier</subfield>
        </datafield>
        <datafield tag="700" ind1="1" ind2=" ">
            <subfield code="a">Hampden, John.</subfield>
        </datafield>
    </record>