
    <record>
        <leader>00511nam a22001693  4500</leader>
        <controlfield tag="001">014130680</controlfield>
        <controlfield tag="003">Uk integrated</controlfield>
        <controlfield tag="005">20071018162920.0</controlfield>
        <controlfield tag="008">060819s1960    hu ||||       ||| ||hun  </controlfield>
        <datafield tag="100" ind1="1" ind2=" ">
            <subfield code="a">Galsworthy, John,</subfield>
            <subfield code="d">1867-1933.</subfield>
        </datafield>
        <datafield tag="245" ind1="1" ind2="2">
            <subfield code="a">A Forsyte-Saga :</subfield>
            <subfield code="b">Forditotta Szabo Magda es Szbotka Tibor.</subfield>
        </datafield>
        <datafield tag="260" ind1=" " ind2=" ">
            <subfield code="a">Budapest :</subfield>
            <subfield code="b">Europa Konyvkiado,</subfield>
            <subfield code="c">1960.</subfield>
        </datafield>
        <datafield tag="336" ind1=" " ind2=" ">
            <subfield code="a">text</subfield>
            <subfield code="2">rdacontent</subfield>
        </datafield>
        <datafield tag="337" ind1=" " ind2=" ">
            <subfield code="a">unmediated</subfield>
            <subfield code="2">rdamedia</subfield>
        </datafield>
        <datafield tag="338" ind1=" " ind2=" ">
            <subfield code="a">volume</subfield>
            <subfield code="2">rdacarrier</subfield>
        </datafield>
    </record>