
    <record>
        <leader>00756nam a2200229 a 4500</leader>
        <controlfield tag="001">013790952</controlfield>
        <controlfield tag="003">Uk integrated</controlfield>
        <controlfield tag="005">20070727170724.0</controlfield>
        <controlfield tag="008">070711s1950    ii            000 1 hinr </controlfield>
        <datafield tag="041" ind1="1" ind2=" ">
            <subfield code="a">hin</subfield>
            <subfield code="h">eng</subfield>
        </datafield>
        <datafield tag="100" ind1="1" ind2=" ">
            <subfield code="a">Galsworthy, John,</subfield>
            <subfield code="d">1867-1933.</subfield>
        </datafield>
        <datafield tag="240" ind1="1" ind2="0">
            <subfield code="a">Apple tree.</subfield>
            <subfield code="l">Hindi</subfield>
        </datafield>
        <datafield tag="245" ind1="1" ind2="0">
            <subfield code="a">Seba kā vr̥ksha /</subfield>
            <subfield code="c">Gārlsavardī ; anuvādaka Ānandīprasāda Miśra "Nirdvandva".</subfield>
        </datafield>
        <datafield tag="260" ind1=" " ind2=" ">
            <subfield code="a">Lakhanaū :</subfield>
            <subfield code="b">Gaṅga-Pustakamālā-Kāryālya,</subfield>
            <subfield code="c">2007 [1950].</subfield>
        </datafield>
        <datafield tag="300" ind1=" " ind2=" ">
            <subfield code="a">119 p. ;</subfield>
            <subfield code="c">19 cm.</subfield>
        </datafield>
        <datafield tag="336" ind1=" " ind2=" ">
            <subfield code="a">text</subfield>
            <subfield code="2">rdacontent</subfield>
        </datafield>
        <datafield tag="337" ind1=" " ind2=" ">
            <subfield code="a">unmediated</subfield>
            <subfield code="2">rdamedia</subfield>
        </datafield>
        <datafield tag="338" ind1=" " ind2=" ">
            <subfield code="a">volume</subfield>
            <subfield code="2">rdacarrier</subfield>
        </datafield>
        <datafield tag="700" ind1="1" ind2=" ">
            <subfield code="a">Miśra, Ānandīprasāda.</subfield>
        </datafield>
    </record>