
    <record>
        <leader>00986pam a2200325 a 4500</leader>
        <controlfield tag="001">013746220</controlfield>
        <controlfield tag="003">Uk integrated</controlfield>
        <controlfield tag="005">20080131165549.0</controlfield>
        <controlfield tag="008">070511s2007    enk           000 f eng d</controlfield>
        <datafield tag="016" ind1="7" ind2=" ">
            <subfield code="a">013746220</subfield>
            <subfield code="2">Uk</subfield>
        </datafield>
        <datafield tag="020" ind1=" " ind2=" ">
            <subfield code="a">0755340906 (pbk.) :</subfield>
            <subfield code="c">£4.99</subfield>
        </datafield>
        <datafield tag="020" ind1=" " ind2=" ">
            <subfield code="a">9780755340903 (pbk.) :</subfield>
            <subfield code="c">£4.99</subfield>
        </datafield>
        <datafield tag="082" ind1="0" ind2="4">
            <subfield code="a">823.912</subfield>
            <subfield code="2">22</subfield>
        </datafield>
        <datafield tag="100" ind1="1" ind2=" ">
            <subfield code="a">Galsworthy, John,</subfield>
            <subfield code="d">1867-1933.</subfield>
        </datafield>
        <datafield tag="245" ind1="1" ind2="0">
            <subfield code="a">Swan song /</subfield>
            <subfield code="c">John Galsworthy.</subfield>
        </datafield>
        <datafield tag="260" ind1=" " ind2=" ">
            <subfield code="a">London :</subfield>
            <subfield code="b">Headline Review,</subfield>
            <subfield code="c">2007.</subfield>
        </datafield>
        <datafield tag="300" ind1=" " ind2=" ">
            <subfield code="a">320 p. ;</subfield>
            <subfield code="c">20 cm.</subfield>
        </datafield>
        <datafield tag="336" ind1=" " ind2=" ">
            <subfield code="a">text</subfield>
            <subfield code="2">rdacontent</subfield>
        </datafield>
        <datafield tag="337" ind1=" " ind2=" ">
            <subfield code="a">unmediated</subfield>
            <subfield code="2">rdamedia</subfield>
        </datafield>
        <datafield tag="338" ind1=" " ind2=" ">
            <subfield code="a">volume</subfield>
            <subfield code="2">rdacarrier</subfield>
        </datafield>
        <datafield tag="490" ind1="1" ind2=" ">
            <subfield code="a">The Forsyte saga ;</subfield>
            <subfield code="v">6</subfield>
        </datafield>
        <datafield tag="500" ind1=" " ind2=" ">
            <subfield code="a">Formerly CIP.</subfield>
            <subfield code="5">Uk</subfield>
        </datafield>
        <datafield tag="830" ind1=" " ind2="4">
            <subfield code="a">The Forsyte saga ;</subfield>
            <subfield code="v">6</subfield>
        </datafield>
    </record>