
    <record>
        <leader>01117nam a2200313 a 4500</leader>
        <controlfield tag="001">013713937</controlfield>
        <controlfield tag="003">Uk integrated</controlfield>
        <controlfield tag="005">20110616091633.0</controlfield>
        <controlfield tag="008">070416s2005    enkac         001 0aeng  </controlfield>
        <datafield tag="016" ind1="7" ind2=" ">
            <subfield code="a">013713937</subfield>
            <subfield code="2">Uk</subfield>
        </datafield>
        <datafield tag="020" ind1=" " ind2=" ">
            <subfield code="a">1900203111 (pbk.) :</subfield>
            <subfield code="c">£20.00</subfield>
        </datafield>
        <datafield tag="020" ind1=" " ind2=" ">
            <subfield code="a">1900203219 (cased) :</subfield>
            <subfield code="c">£30.00</subfield>
        </datafield>
        <datafield tag="082" ind1="0" ind2="4">
            <subfield code="a">791.450233092</subfield>
            <subfield code="2">22</subfield>
        </datafield>
        <datafield tag="100" ind1="1" ind2=" ">
            <subfield code="a">Jones, James Cellan,</subfield>
            <subfield code="d">1931-</subfield>
        </datafield>
        <datafield tag="245" ind1="1" ind2="0">
            <subfield code="a">Forsyte and hindsight :</subfield>
            <subfield code="b">or screen directing for pleasure and profit : the memoirs of James Cellan Jones /</subfield>
            <subfield code="c">[edited by Chris Perry and Simon Coward].</subfield>
        </datafield>
        <datafield tag="260" ind1=" " ind2=" ">
            <subfield code="a">Dudley :</subfield>
            <subfield code="b">Kaleidoscope,</subfield>
            <subfield code="c">2005.</subfield>
        </datafield>
        <datafield tag="300" ind1=" " ind2=" ">
            <subfield code="a">vi, 252 p., [40] p. of plates :</subfield>
            <subfield code="b">ill., ports. ;</subfield>
            <subfield code="c">26 cm.</subfield>
        </datafield>
        <datafield tag="336" ind1=" " ind2=" ">
            <subfield code="a">text</subfield>
            <subfield code="2">rdacontent</subfield>
        </datafield>
        <datafield tag="337" ind1=" " ind2=" ">
            <subfield code="a">unmediated</subfield>
            <subfield code="2">rdamedia</subfield>
        </datafield>
        <datafield tag="338" ind1=" " ind2=" ">
            <subfield code="a">volume</subfield>
            <subfield code="2">rdacarrier</subfield>
        </datafield>
        <datafield tag="500" ind1=" " ind2=" ">
            <subfield code="a">Includes index.</subfield>
        </datafield>
        <datafield tag="600" ind1="1" ind2="0">
            <subfield code="a">Jones, James Cellan,</subfield>
            <subfield code="d">1931-</subfield>
        </datafield>
        <datafield tag="700" ind1="1" ind2=" ">
            <subfield code="a">Coward, Simon.</subfield>
        </datafield>
        <datafield tag="700" ind1="1" ind2=" ">
            <subfield code="a">Perry, Christopher Woodall,</subfield>
            <subfield code="d">1969-</subfield>
        </datafield>
    </record>