
    <record>
        <leader>00919 am a2200289 a 4500</leader>
        <controlfield tag="001">013367007</controlfield>
        <controlfield tag="003">Uk integrated</controlfield>
        <controlfield tag="005">20051221110228.0</controlfield>
        <controlfield tag="008">960418s1952    ii            000 d hinr </controlfield>
        <datafield tag="010" ind1=" " ind2=" ">
            <subfield code="a">96907016</subfield>
        </datafield>
        <datafield tag="025" ind1=" " ind2=" ">
            <subfield code="a">NBIL-18903</subfield>
        </datafield>
        <datafield tag="041" ind1="1" ind2=" ">
            <subfield code="a">hin</subfield>
            <subfield code="h">eng</subfield>
        </datafield>
        <datafield tag="100" ind1="1" ind2=" ">
            <subfield code="a">Galsworthy, John,</subfield>
            <subfield code="d">1867-1933.</subfield>
        </datafield>
        <datafield tag="240" ind1="1" ind2="0">
            <subfield code="a">Strife.</subfield>
            <subfield code="l">Hindi</subfield>
        </datafield>
        <datafield tag="245" ind1="1" ind2="0">
            <subfield code="a">Haṛatāla /</subfield>
            <subfield code="c">Jāna Gālsavardī ke "Sṭrāipha" nāmaka tīna aṅkoṃ ke nāṭaka kā Hindī anuvāda ; anuvādaka Premacanda.</subfield>
        </datafield>
        <datafield tag="250" ind1=" " ind2=" ">
            <subfield code="a">3. saṃskaraṇa.</subfield>
        </datafield>
        <datafield tag="260" ind1=" " ind2=" ">
            <subfield code="a">Ilāhābāda :</subfield>
            <subfield code="b">Hindustānī Ekeḍemī,</subfield>
            <subfield code="c">1952.</subfield>
        </datafield>
        <datafield tag="300" ind1=" " ind2=" ">
            <subfield code="a">102 p. ;</subfield>
            <subfield code="c">18 cm.</subfield>
        </datafield>
        <datafield tag="336" ind1=" " ind2=" ">
            <subfield code="a">text</subfield>
            <subfield code="2">rdacontent</subfield>
        </datafield>
        <datafield tag="337" ind1=" " ind2=" ">
            <subfield code="a">unmediated</subfield>
            <subfield code="2">rdamedia</subfield>
        </datafield>
        <datafield tag="338" ind1=" " ind2=" ">
            <subfield code="a">volume</subfield>
            <subfield code="2">rdacarrier</subfield>
        </datafield>
        <datafield tag="500" ind1=" " ind2=" ">
            <subfield code="a">Play.</subfield>
        </datafield>
        <datafield tag="700" ind1="0" ind2=" ">
            <subfield code="a">Premacanda,</subfield>
            <subfield code="d">1881-1936.</subfield>
        </datafield>
    </record>