
    <record>
        <leader>00835nam a2200253 u 4500</leader>
        <controlfield tag="001">013325466</controlfield>
        <controlfield tag="003">Uk integrated</controlfield>
        <controlfield tag="005">20051101120849.0</controlfield>
        <controlfield tag="008">051101s1926    ru a          000 1 rus d</controlfield>
        <datafield tag="041" ind1="1" ind2=" ">
            <subfield code="a">rus</subfield>
            <subfield code="h">eng</subfield>
        </datafield>
        <datafield tag="100" ind1="1" ind2=" ">
            <subfield code="a">Galsworthy, John,</subfield>
            <subfield code="d">1867-1933.</subfield>
        </datafield>
        <datafield tag="240" ind1="1" ind2="0">
            <subfield code="a">Silver spoon</subfield>
            <subfield code="l">Russian</subfield>
        </datafield>
        <datafield tag="245" ind1="1" ind2="0">
            <subfield code="a">Ostrov Fariseev : roman :</subfield>
            <subfield code="b">Serebri︠a︡nai︠a︡ lozhka /</subfield>
            <subfield code="c">Dzhon Gelsuorsi.</subfield>
        </datafield>
        <datafield tag="246" ind1="3" ind2=" ">
            <subfield code="a">Oстров Фарисеев: роман</subfield>
        </datafield>
        <datafield tag="246" ind1="3" ind2=" ">
            <subfield code="a">Серебряная ложка</subfield>
        </datafield>
        <datafield tag="260" ind1=" " ind2=" ">
            <subfield code="a">Moskva :</subfield>
            <subfield code="a">Leningrad :</subfield>
            <subfield code="b">Gos. izd-vo,</subfield>
            <subfield code="c">1926.</subfield>
        </datafield>
        <datafield tag="300" ind1=" " ind2=" ">
            <subfield code="a">314 p.;</subfield>
            <subfield code="c">15 cm.</subfield>
        </datafield>
        <datafield tag="336" ind1=" " ind2=" ">
            <subfield code="a">text</subfield>
            <subfield code="2">rdacontent</subfield>
        </datafield>
        <datafield tag="337" ind1=" " ind2=" ">
            <subfield code="a">unmediated</subfield>
            <subfield code="2">rdamedia</subfield>
        </datafield>
        <datafield tag="338" ind1=" " ind2=" ">
            <subfield code="a">volume</subfield>
            <subfield code="2">rdacarrier</subfield>
        </datafield>
        <datafield tag="546" ind1=" " ind2=" ">
            <subfield code="a">Translated from English.</subfield>
        </datafield>
    </record>