
    <record>
        <leader>01599nam a2200361   4500</leader>
        <controlfield tag="001">013325358</controlfield>
        <controlfield tag="003">Uk integrated</controlfield>
        <controlfield tag="005">20051101110750.0</controlfield>
        <controlfield tag="008">010119s1962    ru a   ||     ||| 1 rus  </controlfield>
        <datafield tag="041" ind1="1" ind2=" ">
            <subfield code="a">rus</subfield>
            <subfield code="h">eng</subfield>
        </datafield>
        <datafield tag="100" ind1="1" ind2=" ">
            <subfield code="a">Galsworthy, John,</subfield>
            <subfield code="d">1867-1933.</subfield>
        </datafield>
        <datafield tag="245" ind1="1" ind2="0">
            <subfield code="a">Собрание сочинений в шестнадцати томах /</subfield>
            <subfield code="c">Dzhon Golsuorsi.</subfield>
        </datafield>
        <datafield tag="246" ind1="3" ind2=" ">
            <subfield code="a">Chelovek iz Devona</subfield>
        </datafield>
        <datafield tag="246" ind1="3" ind2=" ">
            <subfield code="a">Oborvanet︠s︡</subfield>
        </datafield>
        <datafield tag="246" ind1="3" ind2=" ">
            <subfield code="a">Patrit︠s︡ii</subfield>
        </datafield>
        <datafield tag="246" ind1="3" ind2=" ">
            <subfield code="a">Pustyni︠a︡ v t︠s︡vetu</subfield>
        </datafield>
        <datafield tag="246" ind1="3" ind2=" ">
            <subfield code="a">Putʹ svi︠a︡togo</subfield>
        </datafield>
        <datafield tag="246" ind1="3" ind2=" ">
            <subfield code="a">Saga o Forsaitakh</subfield>
        </datafield>
        <datafield tag="246" ind1="3" ind2=" ">
            <subfield code="a">Sovremennai︠a︡ komedii︠a︡</subfield>
        </datafield>
        <datafield tag="246" ind1="3" ind2=" ">
            <subfield code="a">Usadʹba</subfield>
        </datafield>
        <datafield tag="246" ind1="3" ind2=" ">
            <subfield code="a">Villa Rubein</subfield>
        </datafield>
        <datafield tag="246" ind1="3" ind2=" ">
            <subfield code="a">Собрание сочинений в 16 томах</subfield>
        </datafield>
        <datafield tag="260" ind1=" " ind2=" ">
            <subfield code="a">Moskva :</subfield>
            <subfield code="b">Pravda,</subfield>
            <subfield code="c">1962.</subfield>
        </datafield>
        <datafield tag="300" ind1=" " ind2=" ">
            <subfield code="a">16 v.;</subfield>
            <subfield code="b">port.;</subfield>
            <subfield code="c">21 cm.</subfield>
        </datafield>
        <datafield tag="336" ind1=" " ind2=" ">
            <subfield code="a">text</subfield>
            <subfield code="2">rdacontent</subfield>
        </datafield>
        <datafield tag="337" ind1=" " ind2=" ">
            <subfield code="a">unmediated</subfield>
            <subfield code="2">rdamedia</subfield>
        </datafield>
        <datafield tag="338" ind1=" " ind2=" ">
            <subfield code="a">volume</subfield>
            <subfield code="2">rdacarrier</subfield>
        </datafield>
        <datafield tag="505" ind1="1" ind2=" ">
            <subfield code="a">Contents: t.1. Saga o Forsaitakh -- t.2. Saga o Forsaitakh -- t.3. Sovremennai︠a︡ komedii︠a︡ -- t.4. Sovremennai︠a︡ komedii︠a︡ -- t.5. Villa Rubein -- t.6. Usadʹba -- t.7. Patrit︠s︡ii -- t.8. Frilendy -- t.9. Putʹ svi︠a︡togo -- t.10. Pustyni︠a︡ v t︠s︡vetu -- t.11. Chelovek iz Devona -- t.12. Gostinit︠s︡a uspokoenii︠a︡ -- t.13. Oborvanet︠s︡ -- t.14. Dramaturgii︠a︡ -- t.15. Dramaturgii︠a︡ -- t.16. Satira</subfield>
        </datafield>
        <datafield tag="546" ind1=" " ind2=" ">
            <subfield code="a">Translated from English.</subfield>
        </datafield>
    </record>