
    <record>
        <leader>00955nam a22002772a 4500</leader>
        <controlfield tag="001">012988235</controlfield>
        <controlfield tag="003">Uk integrated</controlfield>
        <controlfield tag="005">20040909144600.0</controlfield>
        <controlfield tag="006">m    |   d |      </controlfield>
        <controlfield tag="007">cr||||||||||||</controlfield>
        <controlfield tag="008">040413s2003    enk     sm    000 0 eng  </controlfield>
        <datafield tag="082" ind1="0" ind2="4">
            <subfield code="a">576.5</subfield>
            <subfield code="2">22</subfield>
        </datafield>
        <datafield tag="100" ind1="1" ind2=" ">
            <subfield code="a">Galsworthy, Michael John.</subfield>
        </datafield>
        <datafield tag="245" ind1="1" ind2="2">
            <subfield code="a">A psychometric and quantitative genetic study of cognitive task performance in a heterogeneous stock (hs) population of MUS musculus /</subfield>
            <subfield code="c">Michael John Galsworthy.</subfield>
            <subfield code="h">[electronic resource].</subfield>
        </datafield>
        <datafield tag="260" ind1=" " ind2=" ">
            <subfield code="a">London :</subfield>
            <subfield code="b">University of London,</subfield>
            <subfield code="c">2003.</subfield>
        </datafield>
        <datafield tag="300" ind1=" " ind2=" ">
            <subfield code="a">1 v. ;</subfield>
            <subfield code="c">31 cm.</subfield>
        </datafield>
        <datafield tag="336" ind1=" " ind2=" ">
            <subfield code="a">text</subfield>
            <subfield code="2">rdacontent</subfield>
        </datafield>
        <datafield tag="337" ind1=" " ind2=" ">
            <subfield code="a">computer</subfield>
            <subfield code="2">rdamedia</subfield>
        </datafield>
        <datafield tag="338" ind1=" " ind2=" ">
            <subfield code="a">online resource</subfield>
            <subfield code="2">rdacarrier</subfield>
        </datafield>
        <datafield tag="502" ind1=" " ind2=" ">
            <subfield code="a">Thesis (Ph.D.)--University of London, 2003.</subfield>
        </datafield>
        <datafield tag="538" ind1=" " ind2=" ">
            <subfield code="a">Mode of access: World Wide Web.</subfield>
        </datafield>
        <datafield tag="710" ind1="2" ind2=" ">
            <subfield code="a">University of London.</subfield>
        </datafield>
    </record>