
    <record>
        <leader>00883 am a2200253ui 4500</leader>
        <controlfield tag="001">012538971</controlfield>
        <controlfield tag="003">Uk integrated</controlfield>
        <controlfield tag="005">20140815210200.0</controlfield>
        <controlfield tag="008">780724s1977    ru c   ||     000 ||rus  </controlfield>
        <datafield tag="019" ind1="1" ind2=" ">
            <subfield code="a">r6057967</subfield>
        </datafield>
        <datafield tag="100" ind1="1" ind2=" ">
            <subfield code="a">Gavrili︠u︡k, Alʹbina Mikhaĭlovna.</subfield>
        </datafield>
        <datafield tag="245" ind1="1" ind2="0">
            <subfield code="a">Stilʹ Forsaĭtovskogo t︠s︡ikla Dzhona Golsuorsi :</subfield>
            <subfield code="b">k borʹbe za realizm v angliĭskoĭ literature XX veka /</subfield>
            <subfield code="c">A.M. Gavrili︠u︡k.</subfield>
        </datafield>
        <datafield tag="260" ind1=" " ind2=" ">
            <subfield code="a">Lʹvov :</subfield>
            <subfield code="b">Izdatelʹskoe ob'edinenie "Vishcha shkola",</subfield>
            <subfield code="c">1977.</subfield>
        </datafield>
        <datafield tag="300" ind1=" " ind2=" ">
            <subfield code="a">165p. :</subfield>
            <subfield code="b">1port. ;</subfield>
            <subfield code="c">21cm.</subfield>
        </datafield>
        <datafield tag="336" ind1=" " ind2=" ">
            <subfield code="a">text</subfield>
            <subfield code="2">rdacontent</subfield>
        </datafield>
        <datafield tag="337" ind1=" " ind2=" ">
            <subfield code="a">unmediated</subfield>
            <subfield code="2">rdamedia</subfield>
        </datafield>
        <datafield tag="338" ind1=" " ind2=" ">
            <subfield code="a">volume</subfield>
            <subfield code="2">rdacarrier</subfield>
        </datafield>
        <datafield tag="504" ind1=" " ind2=" ">
            <subfield code="a">Bibliography : p.162-[166].</subfield>
        </datafield>
        <datafield tag="600" ind1="1" ind2="4">
            <subfield code="a">Galsworthy, John,</subfield>
            <subfield code="d">1867-1933.</subfield>
            <subfield code="t">Forsyte Saga.</subfield>
        </datafield>
    </record>