
    <record>
        <leader>00835 am a2200253ua 4500</leader>
        <controlfield tag="001">011911306</controlfield>
        <controlfield tag="003">Uk integrated</controlfield>
        <controlfield tag="005">20170916174300.0</controlfield>
        <controlfield tag="008">980224s1922    be     ||    |||| 1|eng  </controlfield>
        <datafield tag="019" ind1="1" ind2=" ">
            <subfield code="a">r7323555</subfield>
        </datafield>
        <datafield tag="100" ind1="1" ind2=" ">
            <subfield code="a">Galsworthy, John,</subfield>
            <subfield code="d">1867-1933.</subfield>
        </datafield>
        <datafield tag="245" ind1="1" ind2="0">
            <subfield code="a">To let ..</subfield>
        </datafield>
        <datafield tag="250" ind1=" " ind2=" ">
            <subfield code="a">Copyright ed.</subfield>
        </datafield>
        <datafield tag="260" ind1=" " ind2=" ">
            <subfield code="a">Brussels :</subfield>
            <subfield code="b">Wm. Collins Sons &amp; Co., London and Glasgow,</subfield>
            <subfield code="c">1922.</subfield>
        </datafield>
        <datafield tag="300" ind1=" " ind2=" ">
            <subfield code="a">280 p. ;</subfield>
            <subfield code="c">17cm.</subfield>
        </datafield>
        <datafield tag="336" ind1=" " ind2=" ">
            <subfield code="a">text</subfield>
            <subfield code="2">rdacontent</subfield>
        </datafield>
        <datafield tag="337" ind1=" " ind2=" ">
            <subfield code="a">unmediated</subfield>
            <subfield code="2">rdamedia</subfield>
        </datafield>
        <datafield tag="338" ind1=" " ind2=" ">
            <subfield code="a">volume</subfield>
            <subfield code="2">rdacarrier</subfield>
        </datafield>
        <datafield tag="490" ind1="0" ind2=" ">
            <subfield code="a">Collins' standard collection of British and American authors ;</subfield>
            <subfield code="v">v. 210</subfield>
        </datafield>
        <datafield tag="500" ind1=" " ind2=" ">
            <subfield code="a">"Not to be introduced into the British Empire or the United States of America." - Cover.</subfield>
        </datafield>
        <datafield tag="500" ind1=" " ind2=" ">
            <subfield code="a">At head of title: John Galsworthy.</subfield>
        </datafield>
    </record>