
    <record>
        <leader>01109 am a2200289ua 4500</leader>
        <controlfield tag="001">011910127</controlfield>
        <controlfield tag="003">Uk integrated</controlfield>
        <controlfield tag="005">20170916174300.0</controlfield>
        <controlfield tag="008">971008s1928    gw     ||    |||| e|eng  </controlfield>
        <datafield tag="019" ind1="1" ind2=" ">
            <subfield code="a">r7321268</subfield>
        </datafield>
        <datafield tag="100" ind1="1" ind2=" ">
            <subfield code="a">Galsworthy, John,</subfield>
            <subfield code="d">1867-1933.</subfield>
        </datafield>
        <datafield tag="245" ind1="1" ind2="0">
            <subfield code="a">Castles in Spain and other screeds /</subfield>
            <subfield code="c">by John Galsworthy ..</subfield>
        </datafield>
        <datafield tag="250" ind1=" " ind2=" ">
            <subfield code="a">Copyright ed.</subfield>
        </datafield>
        <datafield tag="260" ind1=" " ind2=" ">
            <subfield code="a">Leipzig :</subfield>
            <subfield code="b">Bernhard Tauchnitz,</subfield>
            <subfield code="c">1928.</subfield>
        </datafield>
        <datafield tag="300" ind1=" " ind2=" ">
            <subfield code="a">224 p. ;</subfield>
            <subfield code="c">17cm.</subfield>
        </datafield>
        <datafield tag="336" ind1=" " ind2=" ">
            <subfield code="a">text</subfield>
            <subfield code="2">rdacontent</subfield>
        </datafield>
        <datafield tag="337" ind1=" " ind2=" ">
            <subfield code="a">unmediated</subfield>
            <subfield code="2">rdamedia</subfield>
        </datafield>
        <datafield tag="338" ind1=" " ind2=" ">
            <subfield code="a">volume</subfield>
            <subfield code="2">rdacarrier</subfield>
        </datafield>
        <datafield tag="490" ind1="0" ind2=" ">
            <subfield code="a">Collection of British authors. Tauchnitz edition ;</subfield>
            <subfield code="v">v. 4837</subfield>
        </datafield>
    </record>