
    <record>
        <leader>00864 am a2200277ui 4500</leader>
        <controlfield tag="001">011868419</controlfield>
        <controlfield tag="003">Uk integrated</controlfield>
        <controlfield tag="005">20170916174300.0</controlfield>
        <controlfield tag="008">781125s1975    ru a   ||     000 j|rus  </controlfield>
        <datafield tag="019" ind1="1" ind2=" ">
            <subfield code="a">r6022544</subfield>
        </datafield>
        <datafield tag="041" ind1="1" ind2=" ">
            <subfield code="a">rus</subfield>
            <subfield code="h">eng</subfield>
        </datafield>
        <datafield tag="100" ind1="1" ind2=" ">
            <subfield code="a">Galsworthy, John,</subfield>
            <subfield code="d">1867-1933.</subfield>
        </datafield>
        <datafield tag="240" ind1="1" ind2="0">
            <subfield code="a">Works.</subfield>
            <subfield code="k">Selections.</subfield>
            <subfield code="l">Russian</subfield>
        </datafield>
        <datafield tag="245" ind1="0" ind2="0">
            <subfield code="a">Novelly /</subfield>
            <subfield code="c">Dzhon Golsuorsi ; perevody s angliĭskogo.</subfield>
        </datafield>
        <datafield tag="260" ind1=" " ind2=" ">
            <subfield code="a">Moskva :</subfield>
            <subfield code="b">Khudozhestvennai︠a︡ literatura,</subfield>
            <subfield code="c">1975.</subfield>
        </datafield>
        <datafield tag="300" ind1=" " ind2=" ">
            <subfield code="a">206p. :</subfield>
            <subfield code="b">ill. ;</subfield>
            <subfield code="c">17cm.</subfield>
        </datafield>
        <datafield tag="336" ind1=" " ind2=" ">
            <subfield code="a">text</subfield>
            <subfield code="2">rdacontent</subfield>
        </datafield>
        <datafield tag="337" ind1=" " ind2=" ">
            <subfield code="a">unmediated</subfield>
            <subfield code="2">rdamedia</subfield>
        </datafield>
        <datafield tag="338" ind1=" " ind2=" ">
            <subfield code="a">volume</subfield>
            <subfield code="2">rdacarrier</subfield>
        </datafield>
        <datafield tag="490" ind1="0" ind2=" ">
            <subfield code="a">Narodnai︠a︡ biblioteka</subfield>
        </datafield>
    </record>