
    <record>
        <leader>01518 am a2200397ua 4500</leader>
        <controlfield tag="001">010666998</controlfield>
        <controlfield tag="003">Uk integrated</controlfield>
        <controlfield tag="005">20120424201900.0</controlfield>
        <controlfield tag="008">820920s1982    enkab  ||    o001 ||eng  </controlfield>
        <datafield tag="019" ind1="1" ind2=" ">
            <subfield code="a">0101855303</subfield>
        </datafield>
        <datafield tag="019" ind1="9" ind2=" ">
            <subfield code="a">0101855303</subfield>
        </datafield>
        <datafield tag="019" ind1="y" ind2=" ">
            <subfield code="a">B8229925</subfield>
        </datafield>
        <datafield tag="020" ind1=" " ind2=" ">
            <subfield code="a">0101855303 (unbound) :</subfield>
            <subfield code="c">£2.55</subfield>
        </datafield>
        <datafield tag="039" ind1="0" ind2=" ">
            <subfield code="a">1707</subfield>
        </datafield>
        <datafield tag="043" ind1=" " ind2=" ">
            <subfield code="a">nces---</subfield>
        </datafield>
        <datafield tag="082" ind1="0" ind2="4">
            <subfield code="a">324.97284/053</subfield>
            <subfield code="2">19</subfield>
        </datafield>
        <datafield tag="082" ind1="0" ind2="4">
            <subfield code="a">329/.023/728405</subfield>
            <subfield code="2">18</subfield>
        </datafield>
        <datafield tag="100" ind1="1" ind2=" ">
            <subfield code="a">Galsworthy, John,</subfield>
            <subfield code="c">Sir,</subfield>
            <subfield code="d">1919-</subfield>
        </datafield>
        <datafield tag="245" ind1="1" ind2="0">
            <subfield code="a">Report on the election in El Salvador on 28 March 1982 /</subfield>
            <subfield code="c">by Sir John Galsworthy and Derek W. Bowett, 7 April 1982 ; presented to Parliament by the Secretary of State for Foreign and Commonwealth Affairs ..</subfield>
        </datafield>
        <datafield tag="260" ind1=" " ind2=" ">
            <subfield code="a">London :</subfield>
            <subfield code="b">H.M.S.O.,</subfield>
            <subfield code="c">[1982]</subfield>
        </datafield>
        <datafield tag="300" ind1=" " ind2=" ">
            <subfield code="a">23p. :</subfield>
            <subfield code="b">1ill., 1 map ;</subfield>
            <subfield code="c">25cm.</subfield>
        </datafield>
        <datafield tag="336" ind1=" " ind2=" ">
            <subfield code="a">text</subfield>
            <subfield code="2">rdacontent</subfield>
        </datafield>
        <datafield tag="337" ind1=" " ind2=" ">
            <subfield code="a">unmediated</subfield>
            <subfield code="2">rdamedia</subfield>
        </datafield>
        <datafield tag="338" ind1=" " ind2=" ">
            <subfield code="a">volume</subfield>
            <subfield code="2">rdacarrier</subfield>
        </datafield>
        <datafield tag="490" ind1="1" ind2=" ">
            <subfield code="a">Cmnd. ;</subfield>
            <subfield code="v">8553</subfield>
        </datafield>
        <datafield tag="610" ind1="1" ind2="4">
            <subfield code="a">El Salvador.</subfield>
            <subfield code="b">Asamblea Constituyente</subfield>
            <subfield code="x">Elections, 1982.</subfield>
        </datafield>
        <datafield tag="700" ind1="1" ind2=" ">
            <subfield code="a">Bowett, D. W.</subfield>
            <subfield code="q">(Derek William)</subfield>
        </datafield>
        <datafield tag="710" ind1="1" ind2=" ">
            <subfield code="a">Great Britain.</subfield>
            <subfield code="b">Foreign and Commonwealth Office.</subfield>
        </datafield>
        <datafield tag="830" ind1=" " ind2="0">
            <subfield code="a">Cmnd ;</subfield>
            <subfield code="v">8553.</subfield>
        </datafield>
    </record>