
    <record>
        <leader>00587nam a2200181uu 4500</leader>
        <controlfield tag="001">010232140</controlfield>
        <controlfield tag="003">Uk integrated</controlfield>
        <controlfield tag="005">20160923201600.0</controlfield>
        <controlfield tag="008">040419s19uu    gw     ||     000 ||ger  </controlfield>
        <datafield tag="019" ind1="u" ind2=" ">
            <subfield code="a">G10616683</subfield>
        </datafield>
        <datafield tag="100" ind1="1" ind2=" ">
            <subfield code="a">Galsworthy, John,</subfield>
            <subfield code="d">1867-1933.</subfield>
        </datafield>
        <datafield tag="245" ind1="1" ind2="0">
            <subfield code="a">Jenseits :</subfield>
            <subfield code="b">Roman : [Einzig berechtigte deutsche Ausgabe ... /</subfield>
            <subfield code="c">übertragen von Hermynia zur Mühlen.</subfield>
        </datafield>
        <datafield tag="260" ind1=" " ind2=" ">
            <subfield code="a">Berlin :</subfield>
            <subfield code="b">Verlag von Th. Knaur Nachf.,</subfield>
            <subfield code="c">[19--?]</subfield>
        </datafield>
        <datafield tag="336" ind1=" " ind2=" ">
            <subfield code="a">text</subfield>
            <subfield code="2">rdacontent</subfield>
        </datafield>
        <datafield tag="337" ind1=" " ind2=" ">
            <subfield code="a">unmediated</subfield>
            <subfield code="2">rdamedia</subfield>
        </datafield>
        <datafield tag="338" ind1=" " ind2=" ">
            <subfield code="a">volume</subfield>
            <subfield code="2">rdacarrier</subfield>
        </datafield>
    </record>