
    <record>
        <leader>00669nam a2200217uu 4500</leader>
        <controlfield tag="001">010232123</controlfield>
        <controlfield tag="003">Uk integrated</controlfield>
        <controlfield tag="005">20170916174200.0</controlfield>
        <controlfield tag="008">040419s1925    gw     ||     000 ||ger  </controlfield>
        <datafield tag="019" ind1="u" ind2=" ">
            <subfield code="a">G10616663</subfield>
        </datafield>
        <datafield tag="100" ind1="1" ind2=" ">
            <subfield code="a">Galsworthy, John,</subfield>
            <subfield code="d">1867-1933.</subfield>
        </datafield>
        <datafield tag="245" ind1="1" ind2="4">
            <subfield code="a">Die Forsyte saga /</subfield>
            <subfield code="c">autorisierte Ubersetzung ... von Luise Wolf und Leon Schalit.</subfield>
        </datafield>
        <datafield tag="260" ind1=" " ind2=" ">
            <subfield code="a">Berlin, usw. :</subfield>
            <subfield code="b">Paul Zsolnay Verlag,</subfield>
            <subfield code="c">1925.</subfield>
        </datafield>
        <datafield tag="300" ind1=" " ind2=" ">
            <subfield code="a">2 Bänder.</subfield>
        </datafield>
        <datafield tag="336" ind1=" " ind2=" ">
            <subfield code="a">text</subfield>
            <subfield code="2">rdacontent</subfield>
        </datafield>
        <datafield tag="337" ind1=" " ind2=" ">
            <subfield code="a">unmediated</subfield>
            <subfield code="2">rdamedia</subfield>
        </datafield>
        <datafield tag="338" ind1=" " ind2=" ">
            <subfield code="a">volume</subfield>
            <subfield code="2">rdacarrier</subfield>
        </datafield>
        <datafield tag="490" ind1="0" ind2=" ">
            <subfield code="a">Gesammelte Werke</subfield>
        </datafield>
    </record>