
    <record>
        <leader>01043nam a2200289uu 4500</leader>
        <controlfield tag="001">010232110</controlfield>
        <controlfield tag="003">Uk integrated</controlfield>
        <controlfield tag="005">20220509163056.0</controlfield>
        <controlfield tag="008">040419s1933    enk           000 1 eng c</controlfield>
        <datafield tag="019" ind1="u" ind2=" ">
            <subfield code="a">G10616648</subfield>
        </datafield>
        <datafield tag="100" ind1="1" ind2=" ">
            <subfield code="a">Galsworthy, John,</subfield>
            <subfield code="d">1867-1933,</subfield>
            <subfield code="e">author.</subfield>
        </datafield>
        <datafield tag="245" ind1="1" ind2="0">
            <subfield code="a">Flowering wilderness</subfield>
            <subfield code="c">By John Galsworthy. Sequel to 'Maid in waiting'.</subfield>
        </datafield>
        <datafield tag="264" ind1=" " ind2="1">
            <subfield code="a">London :</subfield>
            <subfield code="b">William Heinemann Ltd.,</subfield>
            <subfield code="c">[1933]</subfield>
        </datafield>
        <datafield tag="300" ind1=" " ind2=" ">
            <subfield code="a">[6], 280 pages ;</subfield>
            <subfield code="c">18 cm</subfield>
        </datafield>
        <datafield tag="336" ind1=" " ind2=" ">
            <subfield code="a">text</subfield>
            <subfield code="2">rdacontent</subfield>
        </datafield>
        <datafield tag="337" ind1=" " ind2=" ">
            <subfield code="a">unmediated</subfield>
            <subfield code="2">rdamedia</subfield>
        </datafield>
        <datafield tag="338" ind1=" " ind2=" ">
            <subfield code="a">volume</subfield>
            <subfield code="2">rdacarrier</subfield>
        </datafield>
        <datafield tag="500" ind1=" " ind2=" ">
            <subfield code="a">Title page printed in red and black, with printer's mark.</subfield>
        </datafield>
        <datafield tag="500" ind1=" " ind2=" ">
            <subfield code="a">Year of publication derived from title page verso.</subfield>
        </datafield>
        <datafield tag="700" ind1="1" ind2=" ">
            <subfield code="a">Collins, John</subfield>
            <subfield code="q">(John F. R.),</subfield>
            <subfield code="e">former owner.</subfield>
            <subfield code="5">Uk</subfield>
        </datafield>
        <datafield tag="710" ind1="2" ind2=" ">
            <subfield code="a">Heinemann (Firm),</subfield>
            <subfield code="e">publisher.</subfield>
        </datafield>
        <datafield tag="710" ind1="2" ind2=" ">
            <subfield code="a">Windmill Press,</subfield>
            <subfield code="e">printer.</subfield>
        </datafield>
        <datafield tag="752" ind1=" " ind2=" ">
            <subfield code="a">Great Britain</subfield>
            <subfield code="b">England</subfield>
            <subfield code="d">London.</subfield>
        </datafield>
    </record>