
    <record>
        <leader>00675nam a2200205uu 4500</leader>
        <controlfield tag="001">010232101</controlfield>
        <controlfield tag="003">Uk integrated</controlfield>
        <controlfield tag="005">20170916174200.0</controlfield>
        <controlfield tag="008">040419s1925    sz     ||     000 ||ger  </controlfield>
        <datafield tag="019" ind1="u" ind2=" ">
            <subfield code="a">G10616639</subfield>
        </datafield>
        <datafield tag="100" ind1="1" ind2=" ">
            <subfield code="a">Galsworthy, John,</subfield>
            <subfield code="d">1867-1933.</subfield>
        </datafield>
        <datafield tag="245" ind1="1" ind2="4">
            <subfield code="a">Die Dunkle Blume :</subfield>
            <subfield code="b">Roman /</subfield>
            <subfield code="c">Autorisierte Uebersetzung aus dem Englischen von Leon Schalit.</subfield>
        </datafield>
        <datafield tag="260" ind1=" " ind2=" ">
            <subfield code="a">Bern :</subfield>
            <subfield code="b">Paul Zsolnays Bibliothek Zeitgenossischer Werke,</subfield>
            <subfield code="c">[c1925]</subfield>
        </datafield>
        <datafield tag="336" ind1=" " ind2=" ">
            <subfield code="a">text</subfield>
            <subfield code="2">rdacontent</subfield>
        </datafield>
        <datafield tag="337" ind1=" " ind2=" ">
            <subfield code="a">unmediated</subfield>
            <subfield code="2">rdamedia</subfield>
        </datafield>
        <datafield tag="338" ind1=" " ind2=" ">
            <subfield code="a">volume</subfield>
            <subfield code="2">rdacarrier</subfield>
        </datafield>
        <datafield tag="500" ind1=" " ind2=" ">
            <subfield code="a">Original title: The Dark Flower.</subfield>
        </datafield>
        <datafield tag="740" ind1="4" ind2=" ">
            <subfield code="a">The Dark Flower.</subfield>
        </datafield>
    </record>