
    <record>
        <leader>01025 am a2200289ua 4500</leader>
        <controlfield tag="001">009322315</controlfield>
        <controlfield tag="003">Uk integrated</controlfield>
        <controlfield tag="005">20150404122900.0</controlfield>
        <controlfield tag="008">020305s1966    kn     ||    |||0 d|kor  </controlfield>
        <datafield tag="019" ind1="2" ind2=" ">
            <subfield code="a">ompk1262</subfield>
        </datafield>
        <datafield tag="041" ind1="1" ind2=" ">
            <subfield code="a">kor</subfield>
            <subfield code="h">eng</subfield>
        </datafield>
        <datafield tag="245" ind1="0" ind2="0">
            <subfield code="a">Kŭndae Yŏngguk hŭigoksŏn :</subfield>
            <subfield code="b">Bŏnŏdŭ Syou, Chyon Kolchŭwŏdi /</subfield>
            <subfield code="c">[yŏkcha Kim Chʿang-ho...[et al.]].</subfield>
        </datafield>
        <datafield tag="260" ind1=" " ind2=" ">
            <subfield code="a">Pʿyŏngyang :</subfield>
            <subfield code="b">Chosŏn Munhak Yesul Chʿong Tongmaeng Chʿŭlpʿansa,</subfield>
            <subfield code="c">1966.</subfield>
        </datafield>
        <datafield tag="300" ind1=" " ind2=" ">
            <subfield code="a">394 p. :</subfield>
            <subfield code="b">ports. ;</subfield>
            <subfield code="c">21 cm.</subfield>
        </datafield>
        <datafield tag="336" ind1=" " ind2=" ">
            <subfield code="a">text</subfield>
            <subfield code="2">rdacontent</subfield>
        </datafield>
        <datafield tag="337" ind1=" " ind2=" ">
            <subfield code="a">unmediated</subfield>
            <subfield code="2">rdamedia</subfield>
        </datafield>
        <datafield tag="338" ind1=" " ind2=" ">
            <subfield code="a">volume</subfield>
            <subfield code="2">rdacarrier</subfield>
        </datafield>
        <datafield tag="490" ind1="0" ind2=" ">
            <subfield code="a">Segye munhak sŏnjip ;</subfield>
            <subfield code="v">44</subfield>
        </datafield>
        <datafield tag="700" ind1="1" ind2=" ">
            <subfield code="a">Galsworthy, John,</subfield>
            <subfield code="d">1867-1933.</subfield>
        </datafield>
        <datafield tag="700" ind1="1" ind2=" ">
            <subfield code="a">Kim, Chang-ho.</subfield>
        </datafield>
        <datafield tag="700" ind1="1" ind2=" ">
            <subfield code="a">Shaw, Bernard,</subfield>
            <subfield code="d">1856-1950.</subfield>
        </datafield>
    </record>