
    <record>
        <leader>01135cam a22003613u 4500</leader>
        <controlfield tag="001">009160121</controlfield>
        <controlfield tag="003">Uk integrated</controlfield>
        <controlfield tag="005">20201017090213.0</controlfield>
        <controlfield tag="006">m    |   d |      </controlfield>
        <controlfield tag="007">cr||||||||||||</controlfield>
        <controlfield tag="008">040421|1998    |||    |sm    000 ||eng  </controlfield>
        <datafield tag="019" ind1="8" ind2=" ">
            <subfield code="a">ngb200004935</subfield>
        </datafield>
        <datafield tag="019" ind1="a" ind2=" ">
            <subfield code="a">G05957729</subfield>
        </datafield>
        <datafield tag="072" ind1=" " ind2="7">
            <subfield code="a">05L</subfield>
            <subfield code="2">sigle</subfield>
        </datafield>
        <datafield tag="082" ind1="0" ind2="4">
            <subfield code="a">302.23</subfield>
            <subfield code="2">22</subfield>
        </datafield>
        <datafield tag="082" ind1="0" ind2="4">
            <subfield code="a">790.2</subfield>
            <subfield code="2">22</subfield>
        </datafield>
        <datafield tag="082" ind1="0" ind2="4">
            <subfield code="a">800</subfield>
            <subfield code="2">22</subfield>
        </datafield>
        <datafield tag="100" ind1="1" ind2=" ">
            <subfield code="a">Eissa, Ashraf Abdel-Fattah.</subfield>
        </datafield>
        <datafield tag="245" ind1="0" ind2="4">
            <subfield code="a">The saga of modern literature :</subfield>
            <subfield code="b">a comparative study of Naguib Mahfouz's The Cario Trilogy and John Galsworthy's Forsyte Saga.</subfield>
            <subfield code="h">[electronic resource].</subfield>
        </datafield>
        <datafield tag="260" ind1=" " ind2=" ">
            <subfield code="b">University of London,</subfield>
            <subfield code="c">1998.</subfield>
        </datafield>
        <datafield tag="336" ind1=" " ind2=" ">
            <subfield code="a">text</subfield>
            <subfield code="2">rdacontent</subfield>
        </datafield>
        <datafield tag="337" ind1=" " ind2=" ">
            <subfield code="a">computer</subfield>
            <subfield code="2">rdamedia</subfield>
        </datafield>
        <datafield tag="338" ind1=" " ind2=" ">
            <subfield code="a">online resource</subfield>
            <subfield code="2">rdacarrier</subfield>
        </datafield>
        <datafield tag="538" ind1=" " ind2=" ">
            <subfield code="a">Mode of access: World Wide Web.</subfield>
        </datafield>
    </record>