
    <record>
        <leader>00827 am a2200241ua 4500</leader>
        <controlfield tag="001">008690952</controlfield>
        <controlfield tag="003">Uk integrated</controlfield>
        <controlfield tag="005">20140815210100.0</controlfield>
        <controlfield tag="008">840322s1971    po     ||    |||| ||por  </controlfield>
        <datafield tag="019" ind1="1" ind2=" ">
            <subfield code="a">r6707020</subfield>
        </datafield>
        <datafield tag="100" ind1="1" ind2=" ">
            <subfield code="a">Moser, Fernando de Mello.</subfield>
        </datafield>
        <datafield tag="245" ind1="1" ind2="0">
            <subfield code="a">John Galsworthy, filho pródigo dos Forsyte /</subfield>
            <subfield code="c">Fernando de Mello Moser.</subfield>
        </datafield>
        <datafield tag="260" ind1=" " ind2=" ">
            <subfield code="a">Lisboa :</subfield>
            <subfield code="b">Universidade de Lisboa, Faculdade de Letras,</subfield>
            <subfield code="c">1971.</subfield>
        </datafield>
        <datafield tag="300" ind1=" " ind2=" ">
            <subfield code="a">17p.</subfield>
        </datafield>
        <datafield tag="336" ind1=" " ind2=" ">
            <subfield code="a">text</subfield>
            <subfield code="2">rdacontent</subfield>
        </datafield>
        <datafield tag="337" ind1=" " ind2=" ">
            <subfield code="a">unmediated</subfield>
            <subfield code="2">rdamedia</subfield>
        </datafield>
        <datafield tag="338" ind1=" " ind2=" ">
            <subfield code="a">volume</subfield>
            <subfield code="2">rdacarrier</subfield>
        </datafield>
        <datafield tag="500" ind1=" " ind2=" ">
            <subfield code="a">"Separata da Revista da Faculdade de Letras de Lisboa, III série, no.12, 1969".</subfield>
        </datafield>
        <datafield tag="600" ind1="1" ind2="4">
            <subfield code="a">Galsworthy, John,</subfield>
            <subfield code="d">1867-1933.</subfield>
            <subfield code="t">Forsyte saga.</subfield>
        </datafield>
    </record>