
    <record>
        <leader>01458ncm a2200397 a 4500</leader>
        <controlfield tag="001">008306264</controlfield>
        <controlfield tag="003">Uk integrated</controlfield>
        <controlfield tag="005">20071030095703.0</controlfield>
        <controlfield tag="008">040425s2002    enk||z | ||||||n  | eng  </controlfield>
        <datafield tag="019" ind1="m" ind2=" ">
            <subfield code="a">M08240343</subfield>
        </datafield>
        <datafield tag="020" ind1=" " ind2=" ">
            <subfield code="a">0711994439</subfield>
        </datafield>
        <datafield tag="028" ind1="3" ind2="2">
            <subfield code="a">CH64900</subfield>
            <subfield code="b">Chester Music</subfield>
        </datafield>
        <datafield tag="039" ind1="0" ind2=" ">
            <subfield code="a">0702</subfield>
        </datafield>
        <datafield tag="041" ind1="0" ind2=" ">
            <subfield code="a">eng</subfield>
        </datafield>
        <datafield tag="082" ind1="0" ind2="4">
            <subfield code="a">783.4421546</subfield>
            <subfield code="2">21</subfield>
        </datafield>
        <datafield tag="100" ind1="1" ind2=" ">
            <subfield code="a">Burgon, Geoffrey.</subfield>
        </datafield>
        <datafield tag="245" ind1="1" ind2="0">
            <subfield code="a">Irene's song :</subfield>
            <subfield code="b">theme song from the new Granada TV serialisation of John Galsworthy's The Forsyte Saga /</subfield>
            <subfield code="c">music by Geoffrey Burgon ; [piano score by John Longstaff] ; with words by Jacqueline Kroft ; as sung by Bryn Terfel.</subfield>
        </datafield>
        <datafield tag="260" ind1=" " ind2=" ">
            <subfield code="a">London :</subfield>
            <subfield code="b">Chester Music,</subfield>
            <subfield code="c">c2002.</subfield>
        </datafield>
        <datafield tag="300" ind1=" " ind2=" ">
            <subfield code="a">1 score (5 p.) ;</subfield>
            <subfield code="c">31 cm.</subfield>
        </datafield>
        <datafield tag="336" ind1=" " ind2=" ">
            <subfield code="a">notated music</subfield>
            <subfield code="2">rdacontent</subfield>
        </datafield>
        <datafield tag="337" ind1=" " ind2=" ">
            <subfield code="a">unmediated</subfield>
            <subfield code="2">rdamedia</subfield>
        </datafield>
        <datafield tag="338" ind1=" " ind2=" ">
            <subfield code="a">volume</subfield>
            <subfield code="2">rdacarrier</subfield>
        </datafield>
        <datafield tag="500" ind1=" " ind2=" ">
            <subfield code="a">For voice and piano.</subfield>
        </datafield>
        <datafield tag="700" ind1="1" ind2=" ">
            <subfield code="a">Galsworthy, John,</subfield>
            <subfield code="d">1867-1933.</subfield>
            <subfield code="t">Forsyte chronicles.</subfield>
        </datafield>
        <datafield tag="700" ind1="1" ind2=" ">
            <subfield code="a">Kroft, Jacqueline.</subfield>
        </datafield>
        <datafield tag="700" ind1="1" ind2=" ">
            <subfield code="a">Longstaff, John.</subfield>
        </datafield>
        <datafield tag="730" ind1="0" ind2=" ">
            <subfield code="a">Forsyte saga (Television program)</subfield>
        </datafield>
    </record>