
    <record>
        <leader>00623nam a2200205uu 4500</leader>
        <controlfield tag="001">008247749</controlfield>
        <controlfield tag="003">Uk integrated</controlfield>
        <controlfield tag="005">20160611174700.0</controlfield>
        <controlfield tag="008">040419s1924    enk    ||     000 ||eng  </controlfield>
        <datafield tag="019" ind1="u" ind2=" ">
            <subfield code="a">G10486079</subfield>
        </datafield>
        <datafield tag="100" ind1="1" ind2=" ">
            <subfield code="a">Conrad, Joseph,</subfield>
            <subfield code="d">1857-1924.</subfield>
        </datafield>
        <datafield tag="245" ind1="1" ind2="0">
            <subfield code="a">Laughing Anne, and One day more :</subfield>
            <subfield code="b">two plays /</subfield>
            <subfield code="c">with an introduction by John Galsworthy.</subfield>
        </datafield>
        <datafield tag="260" ind1=" " ind2=" ">
            <subfield code="a">London :</subfield>
            <subfield code="b">Castle,</subfield>
            <subfield code="c">1924.</subfield>
        </datafield>
        <datafield tag="300" ind1=" " ind2=" ">
            <subfield code="a">127p. ;</subfield>
            <subfield code="c">18cm.</subfield>
        </datafield>
        <datafield tag="336" ind1=" " ind2=" ">
            <subfield code="a">text</subfield>
            <subfield code="2">rdacontent</subfield>
        </datafield>
        <datafield tag="337" ind1=" " ind2=" ">
            <subfield code="a">unmediated</subfield>
            <subfield code="2">rdamedia</subfield>
        </datafield>
        <datafield tag="338" ind1=" " ind2=" ">
            <subfield code="a">volume</subfield>
            <subfield code="2">rdacarrier</subfield>
        </datafield>
        <datafield tag="700" ind1="1" ind2=" ">
            <subfield code="a">Galsworthy, John,</subfield>
            <subfield code="d">1867-1933.</subfield>
        </datafield>
    </record>