
    <record>
        <leader>01467 am a2200397ui 4500</leader>
        <controlfield tag="001">007378533</controlfield>
        <controlfield tag="003">Uk integrated</controlfield>
        <controlfield tag="005">20120126115000.0</controlfield>
        <controlfield tag="008">761008s1976    enkach  |     001 | eng  </controlfield>
        <datafield tag="019" ind1="1" ind2=" ">
            <subfield code="a">0436157047</subfield>
        </datafield>
        <datafield tag="019" ind1="9" ind2=" ">
            <subfield code="a">0436157047</subfield>
        </datafield>
        <datafield tag="019" ind1="y" ind2=" ">
            <subfield code="a">B7629905</subfield>
        </datafield>
        <datafield tag="020" ind1=" " ind2=" ">
            <subfield code="a">0436157047 :</subfield>
            <subfield code="c">£6.50</subfield>
        </datafield>
        <datafield tag="043" ind1=" " ind2=" ">
            <subfield code="a">e-uke--</subfield>
        </datafield>
        <datafield tag="082" ind1="0" ind2="4">
            <subfield code="a">942.081</subfield>
            <subfield code="2">18</subfield>
        </datafield>
        <datafield tag="100" ind1="1" ind2=" ">
            <subfield code="a">Fisher, John,</subfield>
            <subfield code="d">1909-1996.</subfield>
        </datafield>
        <datafield tag="245" ind1="1" ind2="4">
            <subfield code="a">The world of the Forsytes /</subfield>
            <subfield code="c">John Fisher.</subfield>
        </datafield>
        <datafield tag="260" ind1=" " ind2=" ">
            <subfield code="a">London :</subfield>
            <subfield code="b">Secker and Warburg,</subfield>
            <subfield code="c">1976.</subfield>
        </datafield>
        <datafield tag="300" ind1=" " ind2=" ">
            <subfield code="a">224p.,[16]p. of plates :</subfield>
            <subfield code="b">ill(some col), facsims., 1geneal.table, ports. ;</subfield>
            <subfield code="c">26cm.</subfield>
        </datafield>
        <datafield tag="336" ind1=" " ind2=" ">
            <subfield code="a">text</subfield>
            <subfield code="2">rdacontent</subfield>
        </datafield>
        <datafield tag="337" ind1=" " ind2=" ">
            <subfield code="a">unmediated</subfield>
            <subfield code="2">rdamedia</subfield>
        </datafield>
        <datafield tag="338" ind1=" " ind2=" ">
            <subfield code="a">volume</subfield>
            <subfield code="2">rdacarrier</subfield>
        </datafield>
        <datafield tag="500" ind1=" " ind2=" ">
            <subfield code="a">Bibliography: p.216-217. _ Includes index.</subfield>
        </datafield>
        <datafield tag="600" ind1="1" ind2="0">
            <subfield code="a">Galsworthy, John,</subfield>
            <subfield code="d">1867-1933.</subfield>
            <subfield code="t">Forsyte saga.</subfield>
        </datafield>
    </record>