
    <record>
        <leader>01337 am a2200337ua 4500</leader>
        <controlfield tag="001">007349992</controlfield>
        <controlfield tag="003">Uk integrated</controlfield>
        <controlfield tag="005">20180508134938.0</controlfield>
        <controlfield tag="008">020702s2001    gw     ||     000 ||eng  </controlfield>
        <datafield tag="019" ind1="1" ind2=" ">
            <subfield code="a">wel29411</subfield>
        </datafield>
        <datafield tag="020" ind1=" " ind2=" ">
            <subfield code="a">3860577352</subfield>
        </datafield>
        <datafield tag="100" ind1="1" ind2=" ">
            <subfield code="a">Whatmore, Petra,</subfield>
            <subfield code="e">author.</subfield>
        </datafield>
        <datafield tag="245" ind1="1" ind2="0">
            <subfield code="a">"That mysterious thing ." :</subfield>
            <subfield code="b">family concepts in The Forsyte Saga, To the Lighthouse, Mrs. Dalloway and Ulysses /</subfield>
            <subfield code="c">Petra Whatmore.</subfield>
        </datafield>
        <datafield tag="246" ind1="3" ind2=" ">
            <subfield code="a">Family concepts in The Forsyte Saga, To the Lighthouse, Mrs. Dalloway and Ulysses</subfield>
        </datafield>
        <datafield tag="260" ind1=" " ind2=" ">
            <subfield code="a">Tübingen :</subfield>
            <subfield code="b">Stauffenburg,</subfield>
            <subfield code="c">c2001.</subfield>
        </datafield>
        <datafield tag="300" ind1=" " ind2=" ">
            <subfield code="a">viii, 228 p. ;</subfield>
            <subfield code="c">23 cm.</subfield>
        </datafield>
        <datafield tag="336" ind1=" " ind2=" ">
            <subfield code="a">text</subfield>
            <subfield code="2">rdacontent</subfield>
        </datafield>
        <datafield tag="337" ind1=" " ind2=" ">
            <subfield code="a">unmediated</subfield>
            <subfield code="2">rdamedia</subfield>
        </datafield>
        <datafield tag="338" ind1=" " ind2=" ">
            <subfield code="a">volume</subfield>
            <subfield code="2">rdacarrier</subfield>
        </datafield>
        <datafield tag="490" ind1="1" ind2=" ">
            <subfield code="a">ZAA Studies ;</subfield>
            <subfield code="v">Bd. 6</subfield>
        </datafield>
        <datafield tag="500" ind1=" " ind2=" ">
            <subfield code="a">Orginally a dissertation presented in 1997 by the author at the University of Tübingen.</subfield>
        </datafield>
        <datafield tag="504" ind1=" " ind2=" ">
            <subfield code="a">Includes bibliographical references (p. 213-223) and index.</subfield>
        </datafield>
        <datafield tag="600" ind1="1" ind2="0">
            <subfield code="a">Galsworthy, John,</subfield>
            <subfield code="d">1867-1933.</subfield>
            <subfield code="t">Forsyte chronicles.</subfield>
        </datafield>
        <datafield tag="600" ind1="1" ind2="0">
            <subfield code="a">Joyce, James,</subfield>
            <subfield code="d">1882-1941.</subfield>
            <subfield code="t">Ulysses.</subfield>
        </datafield>
        <datafield tag="600" ind1="1" ind2="0">
            <subfield code="a">Woolf, Virginia,</subfield>
            <subfield code="d">1882-1941.</subfield>
            <subfield code="t">Mrs. Dalloway.</subfield>
        </datafield>
        <datafield tag="600" ind1="1" ind2="0">
            <subfield code="a">Woolf, Virginia,</subfield>
            <subfield code="d">1882-1941.</subfield>
            <subfield code="t">To the lighthouse.</subfield>
        </datafield>
        <datafield tag="830" ind1=" " ind2="0">
            <subfield code="a">ZAA studies ;</subfield>
            <subfield code="v">Bd. 6.</subfield>
        </datafield>
    </record>