
    <record>
        <leader>00587cam a22002053u 4500</leader>
        <controlfield tag="001">007086849</controlfield>
        <controlfield tag="003">Uk integrated</controlfield>
        <controlfield tag="005">20170916174200.0</controlfield>
        <controlfield tag="008">      |1983    |||    ||    |||| ||hun  </controlfield>
        <datafield tag="019" ind1="a" ind2=" ">
            <subfield code="a">G00523942</subfield>
        </datafield>
        <datafield tag="100" ind1="1" ind2=" ">
            <subfield code="a">Galsworthy, John,</subfield>
            <subfield code="d">1867-1933.</subfield>
        </datafield>
        <datafield tag="245" ind1="0" ind2="2">
            <subfield code="a">A Forsyte-Saga.</subfield>
            <subfield code="n">1-2.</subfield>
        </datafield>
        <datafield tag="260" ind1=" " ind2=" ">
            <subfield code="a">Bukarest :</subfield>
            <subfield code="b">Kriterion Könyvkiadó,</subfield>
            <subfield code="c">1983.</subfield>
        </datafield>
        <datafield tag="336" ind1=" " ind2=" ">
            <subfield code="a">text</subfield>
            <subfield code="2">rdacontent</subfield>
        </datafield>
        <datafield tag="337" ind1=" " ind2=" ">
            <subfield code="a">unmediated</subfield>
            <subfield code="2">rdamedia</subfield>
        </datafield>
        <datafield tag="338" ind1=" " ind2=" ">
            <subfield code="a">volume</subfield>
            <subfield code="2">rdacarrier</subfield>
        </datafield>
        <datafield tag="590" ind1=" " ind2=" ">
            <subfield code="a">Translated from English</subfield>
        </datafield>
    </record>