
    <record>
        <leader>00597nam a2200205uu 4500</leader>
        <controlfield tag="001">006790663</controlfield>
        <controlfield tag="003">Uk integrated</controlfield>
        <controlfield tag="005">20170916174200.0</controlfield>
        <controlfield tag="008">040419s1922    xx     ||     000 ||eng  </controlfield>
        <datafield tag="019" ind1="u" ind2=" ">
            <subfield code="a">G10616738</subfield>
        </datafield>
        <datafield tag="082" ind1="0" ind2="4">
            <subfield code="a">822.9</subfield>
        </datafield>
        <datafield tag="100" ind1="1" ind2=" ">
            <subfield code="a">Galsworthy, John,</subfield>
            <subfield code="d">1867-1933.</subfield>
        </datafield>
        <datafield tag="245" ind1="1" ind2="0">
            <subfield code="a">Plays :</subfield>
            <subfield code="b">fifth series /</subfield>
            <subfield code="c">John Galsworthy.</subfield>
        </datafield>
        <datafield tag="260" ind1=" " ind2=" ">
            <subfield code="a">[S.l.] :</subfield>
            <subfield code="b">Duckworth,</subfield>
            <subfield code="c">1922.</subfield>
        </datafield>
        <datafield tag="336" ind1=" " ind2=" ">
            <subfield code="a">text</subfield>
            <subfield code="2">rdacontent</subfield>
        </datafield>
        <datafield tag="337" ind1=" " ind2=" ">
            <subfield code="a">unmediated</subfield>
            <subfield code="2">rdamedia</subfield>
        </datafield>
        <datafield tag="338" ind1=" " ind2=" ">
            <subfield code="a">volume</subfield>
            <subfield code="2">rdacarrier</subfield>
        </datafield>
        <datafield tag="505" ind1="0" ind2=" ">
            <subfield code="a">Contents. - A family man. - Loyalties. - Windows.</subfield>
        </datafield>
    </record>