
    <record>
        <leader>00586nam a2200193uu 4500</leader>
        <controlfield tag="001">006790651</controlfield>
        <controlfield tag="003">Uk integrated</controlfield>
        <controlfield tag="005">20170916174200.0</controlfield>
        <controlfield tag="008">040419s1926    gw     ||     000 ||ger  </controlfield>
        <datafield tag="019" ind1="u" ind2=" ">
            <subfield code="a">G10616666</subfield>
        </datafield>
        <datafield tag="100" ind1="1" ind2=" ">
            <subfield code="a">Galsworthy, John,</subfield>
            <subfield code="d">1867-1933.</subfield>
        </datafield>
        <datafield tag="245" ind1="1" ind2="4">
            <subfield code="a">Die Forsyte Saga /</subfield>
            <subfield code="c">Übersetzung aus dem Englischen von Luise Wolf und Leon Schalit. v. 2.</subfield>
        </datafield>
        <datafield tag="260" ind1=" " ind2=" ">
            <subfield code="a">Berlin :</subfield>
            <subfield code="b">Zsolnay,</subfield>
            <subfield code="c">1926.</subfield>
        </datafield>
        <datafield tag="336" ind1=" " ind2=" ">
            <subfield code="a">text</subfield>
            <subfield code="2">rdacontent</subfield>
        </datafield>
        <datafield tag="337" ind1=" " ind2=" ">
            <subfield code="a">unmediated</subfield>
            <subfield code="2">rdamedia</subfield>
        </datafield>
        <datafield tag="338" ind1=" " ind2=" ">
            <subfield code="a">volume</subfield>
            <subfield code="2">rdacarrier</subfield>
        </datafield>
        <datafield tag="490" ind1="0" ind2=" ">
            <subfield code="a">Gesammelte Werke</subfield>
        </datafield>
    </record>