
    <record>
        <leader>00834ncm a22002297  4500</leader>
        <controlfield tag="001">004653598</controlfield>
        <controlfield tag="003">Uk integrated</controlfield>
        <controlfield tag="005">20190428125000.0</controlfield>
        <controlfield tag="008">930329s1970    enk||| ||||||||||   zxx |</controlfield>
        <datafield tag="019" ind1="d" ind2=" ">
            <subfield code="a">gd01800003</subfield>
        </datafield>
        <datafield tag="082" ind1="1" ind2="4">
            <subfield code="a">780</subfield>
            <subfield code="2">15</subfield>
        </datafield>
        <datafield tag="100" ind1="1" ind2=" ">
            <subfield code="a">Sharpe, Trevor L.</subfield>
        </datafield>
        <datafield tag="245" ind1="1" ind2="0">
            <subfield code="a">Bravura for Brass. Fantasia for 3 B♭ cornets &amp; 3 trombones. [Composed and arranged] by Trevor L. Sharpe. Theme from "The Forsyte Saga" by Eric Coates. &lt;Arr. by Stephen Duro. Conductor [and military band parts].&gt;.</subfield>
        </datafield>
        <datafield tag="260" ind1=" " ind2=" ">
            <subfield code="a">London :</subfield>
            <subfield code="b">Chappell &amp; Co,</subfield>
            <subfield code="c">[1970]</subfield>
        </datafield>
        <datafield tag="300" ind1=" " ind2=" ">
            <subfield code="a">38 pt ;</subfield>
            <subfield code="c">4.̊</subfield>
        </datafield>
        <datafield tag="336" ind1=" " ind2=" ">
            <subfield code="a">notated music</subfield>
            <subfield code="2">rdacontent</subfield>
        </datafield>
        <datafield tag="337" ind1=" " ind2=" ">
            <subfield code="a">unmediated</subfield>
            <subfield code="2">rdamedia</subfield>
        </datafield>
        <datafield tag="338" ind1=" " ind2=" ">
            <subfield code="a">volume</subfield>
            <subfield code="2">rdacarrier</subfield>
        </datafield>
        <datafield tag="490" ind1="0" ind2=" ">
            <subfield code="a">Chappell's Band Journal ;</subfield>
            <subfield code="v">no.872</subfield>
        </datafield>
        <datafield tag="500" ind1=" " ind2=" ">
            <subfield code="a">Various parts are in duplicate.</subfield>
        </datafield>
    </record>