
    <record>
        <leader>00729ncm a22002297  4500</leader>
        <controlfield tag="001">004273627</controlfield>
        <controlfield tag="003">Uk integrated</controlfield>
        <controlfield tag="005">20230718115759.0</controlfield>
        <controlfield tag="008">930310s1968    enk||| ||||||||||   zxx |</controlfield>
        <datafield tag="019" ind1="d" ind2=" ">
            <subfield code="a">cd14550319</subfield>
        </datafield>
        <datafield tag="082" ind1="1" ind2="4">
            <subfield code="a">780</subfield>
            <subfield code="2">15</subfield>
        </datafield>
        <datafield tag="100" ind1="1" ind2=" ">
            <subfield code="a">Coates, Eric,</subfield>
            <subfield code="d">1886-1957.</subfield>
        </datafield>
        <datafield tag="240" ind1="1" ind2="0">
            <subfield code="a">Three Elizabeths.</subfield>
            <subfield code="p">Halcyon days;</subfield>
            <subfield code="o">arranged</subfield>
        </datafield>
        <datafield tag="245" ind1="1" ind2="0">
            <subfield code="a">Theme from "The Forsyte Saga" ... Based on "Elizabeth Tudor" ... Arranged for piano solo by Stephen Duro.</subfield>
        </datafield>
        <datafield tag="260" ind1=" " ind2=" ">
            <subfield code="a">London :</subfield>
            <subfield code="b">Chappell &amp; Co,</subfield>
            <subfield code="c">[1968]</subfield>
        </datafield>
        <datafield tag="300" ind1=" " ind2=" ">
            <subfield code="a">5p. ;</subfield>
            <subfield code="c">4.̊</subfield>
        </datafield>
        <datafield tag="336" ind1=" " ind2=" ">
            <subfield code="a">notated music</subfield>
            <subfield code="2">rdacontent</subfield>
        </datafield>
        <datafield tag="337" ind1=" " ind2=" ">
            <subfield code="a">unmediated</subfield>
            <subfield code="2">rdamedia</subfield>
        </datafield>
        <datafield tag="338" ind1=" " ind2=" ">
            <subfield code="a">volume</subfield>
            <subfield code="2">rdacarrier</subfield>
        </datafield>
        <datafield tag="700" ind1="1" ind2=" ">
            <subfield code="a">Duro, Stephen.</subfield>
        </datafield>
    </record>