
    <record>
        <leader>00802ncm a22002537  4500</leader>
        <controlfield tag="001">004273626</controlfield>
        <controlfield tag="003">Uk integrated</controlfield>
        <controlfield tag="005">20230718115826.0</controlfield>
        <controlfield tag="008">930310s1970    xx ||| ||||||||||   zxx |</controlfield>
        <datafield tag="019" ind1="d" ind2=" ">
            <subfield code="a">cd14550318</subfield>
        </datafield>
        <datafield tag="082" ind1="1" ind2="4">
            <subfield code="a">780</subfield>
            <subfield code="2">15</subfield>
        </datafield>
        <datafield tag="100" ind1="1" ind2=" ">
            <subfield code="a">Coates, Eric,</subfield>
            <subfield code="d">1886-1957.</subfield>
        </datafield>
        <datafield tag="240" ind1="1" ind2="0">
            <subfield code="a">Three Elizabeths.</subfield>
            <subfield code="p">Halcyon days;</subfield>
            <subfield code="o">arranged</subfield>
        </datafield>
        <datafield tag="245" ind1="1" ind2="0">
            <subfield code="a">Theme from "The Forsyte Saga". &lt;Arr. by Stephen Duro. Conductor [and military band parts].&gt;.</subfield>
        </datafield>
        <datafield tag="260" ind1=" " ind2=" ">
            <subfield code="c">[1970.]</subfield>
        </datafield>
        <datafield tag="300" ind1=" " ind2=" ">
            <subfield code="a">38 pt ;</subfield>
            <subfield code="c">4.̊</subfield>
        </datafield>
        <datafield tag="336" ind1=" " ind2=" ">
            <subfield code="a">notated music</subfield>
            <subfield code="2">rdacontent</subfield>
        </datafield>
        <datafield tag="337" ind1=" " ind2=" ">
            <subfield code="a">unmediated</subfield>
            <subfield code="2">rdamedia</subfield>
        </datafield>
        <datafield tag="338" ind1=" " ind2=" ">
            <subfield code="a">volume</subfield>
            <subfield code="2">rdacarrier</subfield>
        </datafield>
        <datafield tag="490" ind1="0" ind2=" ">
            <subfield code="a">Chappell's Band Journal ;</subfield>
            <subfield code="v">no. 872.</subfield>
        </datafield>
        <datafield tag="500" ind1=" " ind2=" ">
            <subfield code="a">In: Sharpe (Trevor L.) Bravura for Brass, etc.</subfield>
        </datafield>
        <datafield tag="700" ind1="1" ind2=" ">
            <subfield code="a">Duro, Stephen.</subfield>
        </datafield>
    </record>