
    <record>
        <leader>00670nam a22001933  4500</leader>
        <controlfield tag="001">004114843</controlfield>
        <controlfield tag="003">Uk integrated</controlfield>
        <controlfield tag="005">20230517093129.0</controlfield>
        <controlfield tag="008">970519s1913    enk           ||| f eng  </controlfield>
        <datafield tag="019" ind1="x" ind2=" ">
            <subfield code="a">5000034325</subfield>
        </datafield>
        <datafield tag="100" ind1="1" ind2=" ">
            <subfield code="a">Dickens, Charles,</subfield>
            <subfield code="d">1812-1870,</subfield>
            <subfield code="e">author.</subfield>
        </datafield>
        <datafield tag="245" ind1="1" ind2="0">
            <subfield code="a">Bleak House /</subfield>
            <subfield code="c">... with an introduction by J. Galsworthy.</subfield>
        </datafield>
        <datafield tag="336" ind1=" " ind2=" ">
            <subfield code="a">text</subfield>
            <subfield code="2">rdacontent</subfield>
        </datafield>
        <datafield tag="337" ind1=" " ind2=" ">
            <subfield code="a">unmediated</subfield>
            <subfield code="2">rdamedia</subfield>
        </datafield>
        <datafield tag="338" ind1=" " ind2=" ">
            <subfield code="a">volume</subfield>
            <subfield code="2">rdacarrier</subfield>
        </datafield>
        <datafield tag="580" ind1=" " ind2=" ">
            <subfield code="a">In: supra: [Works.] The Waverley Edition of the Works of Charles Dickens. [Illustrated.] 1913-1915. 8º.</subfield>
        </datafield>
        <datafield tag="700" ind1="1" ind2=" ">
            <subfield code="a">Galsworthy, John,</subfield>
            <subfield code="d">1867-1933.</subfield>
        </datafield>
    </record>