
    <record>
        <leader>00643nam a22002173  4500</leader>
        <controlfield tag="001">004094542</controlfield>
        <controlfield tag="003">Uk integrated</controlfield>
        <controlfield tag="005">20170916174100.0</controlfield>
        <controlfield tag="008">841024s1912    gw     ||     ||| d|eng  </controlfield>
        <datafield tag="019" ind1="x" ind2=" ">
            <subfield code="a">3792012162</subfield>
        </datafield>
        <datafield tag="100" ind1="1" ind2=" ">
            <subfield code="a">Galsworthy, John,</subfield>
            <subfield code="d">1867-1933.</subfield>
        </datafield>
        <datafield tag="240" ind1="1" ind2="0">
            <subfield code="a">Smaller collections</subfield>
        </datafield>
        <datafield tag="245" ind1="1" ind2="0">
            <subfield code="a">Justice and other plays. Copyright ed.</subfield>
        </datafield>
        <datafield tag="260" ind1=" " ind2=" ">
            <subfield code="a">Leipzig :</subfield>
            <subfield code="b">Bernhard Tauchnitz,</subfield>
            <subfield code="c">1912.</subfield>
        </datafield>
        <datafield tag="300" ind1=" " ind2=" ">
            <subfield code="a">287p;</subfield>
            <subfield code="c">17cm.</subfield>
        </datafield>
        <datafield tag="336" ind1=" " ind2=" ">
            <subfield code="a">text</subfield>
            <subfield code="2">rdacontent</subfield>
        </datafield>
        <datafield tag="337" ind1=" " ind2=" ">
            <subfield code="a">unmediated</subfield>
            <subfield code="2">rdamedia</subfield>
        </datafield>
        <datafield tag="338" ind1=" " ind2=" ">
            <subfield code="a">volume</subfield>
            <subfield code="2">rdacarrier</subfield>
        </datafield>
        <datafield tag="490" ind1="0" ind2=" ">
            <subfield code="a">(Collection of British authors. Vol.4362)</subfield>
        </datafield>
    </record>