
    <record>
        <leader>01233naa a2200301 a 4500</leader>
        <controlfield tag="001">004092965</controlfield>
        <controlfield tag="003">Uk integrated</controlfield>
        <controlfield tag="005">20180427134201.0</controlfield>
        <controlfield tag="008">850924s1962    sp     ||     000 1|spa  </controlfield>
        <datafield tag="019" ind1="x" ind2=" ">
            <subfield code="a">3790183067</subfield>
        </datafield>
        <datafield tag="041" ind1="1" ind2=" ">
            <subfield code="a">spa</subfield>
            <subfield code="h">eng</subfield>
        </datafield>
        <datafield tag="245" ind1="0" ind2="0">
            <subfield code="a">Maestros ingleses.</subfield>
            <subfield code="n">5 /</subfield>
            <subfield code="c">Selección y estudios de juan Sebastian Arbó y Ricardo Fernández de la Reguera.</subfield>
        </datafield>
        <datafield tag="260" ind1=" " ind2=" ">
            <subfield code="a">Barcelona :</subfield>
            <subfield code="b">Planeta,</subfield>
            <subfield code="c">1962.</subfield>
        </datafield>
        <datafield tag="300" ind1=" " ind2=" ">
            <subfield code="a">1892 p. ;</subfield>
            <subfield code="c">18 cm.</subfield>
        </datafield>
        <datafield tag="336" ind1=" " ind2=" ">
            <subfield code="a">text</subfield>
            <subfield code="2">rdacontent</subfield>
        </datafield>
        <datafield tag="337" ind1=" " ind2=" ">
            <subfield code="a">unmediated</subfield>
            <subfield code="2">rdamedia</subfield>
        </datafield>
        <datafield tag="338" ind1=" " ind2=" ">
            <subfield code="a">volume</subfield>
            <subfield code="2">rdacarrier</subfield>
        </datafield>
        <datafield tag="505" ind1="0" ind2=" ">
            <subfield code="a">Kim / R. Kipling -- El mono blanco / J. Galsworthy -- Servidumbre humana / W.S. Maugham -- Daphne Adeane / M. Baring -- Al faro / V. Woolf.</subfield>
        </datafield>
        <datafield tag="700" ind1="1" ind2=" ">
            <subfield code="a">Fernández de la Reguera, Ricardo.</subfield>
        </datafield>
        <datafield tag="700" ind1="1" ind2=" ">
            <subfield code="a">Juan Arbó, Sebastià,</subfield>
            <subfield code="d">1902-1984.</subfield>
        </datafield>
        <datafield tag="700" ind1="1" ind2="2">
            <subfield code="a">Baring, Maurice.</subfield>
            <subfield code="t">Daphne Adeane.</subfield>
            <subfield code="l">Spanish.</subfield>
        </datafield>
        <datafield tag="700" ind1="1" ind2="2">
            <subfield code="a">Galsworthy, John,</subfield>
            <subfield code="d">1867-1933.</subfield>
            <subfield code="t">White monkey.</subfield>
            <subfield code="l">Spanish.</subfield>
        </datafield>
        <datafield tag="700" ind1="1" ind2="2">
            <subfield code="a">Kipling, Rudyard,</subfield>
            <subfield code="d">1865-1936.</subfield>
            <subfield code="t">Kim.</subfield>
            <subfield code="l">Spanish.</subfield>
        </datafield>
        <datafield tag="700" ind1="1" ind2="2">
            <subfield code="a">Maugham, William Somerset.</subfield>
            <subfield code="t">Of human bondage.</subfield>
            <subfield code="l">Spanish.</subfield>
        </datafield>
        <datafield tag="700" ind1="1" ind2="2">
            <subfield code="a">Woolf, Virginia,</subfield>
            <subfield code="d">1882-1941.</subfield>
            <subfield code="t">To the lighthouse.</subfield>
            <subfield code="l">Spanish.</subfield>
        </datafield>
    </record>