
    <record>
        <leader>00689nam a22002173  4500</leader>
        <controlfield tag="001">004053836</controlfield>
        <controlfield tag="003">Uk integrated</controlfield>
        <controlfield tag="005">20220225181816.0</controlfield>
        <controlfield tag="008">980909|1968||||enk    ||     ||| ||eng  </controlfield>
        <datafield tag="019" ind1="x" ind2=" ">
            <subfield code="a">3633330054</subfield>
        </datafield>
        <datafield tag="100" ind1="1" ind2=" ">
            <subfield code="a">Galsworthy, John,</subfield>
            <subfield code="d">1867-1933.</subfield>
        </datafield>
        <datafield tag="245" ind1="1" ind2="0">
            <subfield code="a">Flowering wilderness.</subfield>
        </datafield>
        <datafield tag="260" ind1=" " ind2=" ">
            <subfield code="a">Harmondsworth :</subfield>
            <subfield code="b">Penguin Books,</subfield>
            <subfield code="c">1968.</subfield>
        </datafield>
        <datafield tag="300" ind1=" " ind2=" ">
            <subfield code="a">237 p. ;</subfield>
            <subfield code="c">18 cm.</subfield>
        </datafield>
        <datafield tag="336" ind1=" " ind2=" ">
            <subfield code="a">text</subfield>
            <subfield code="2">rdacontent</subfield>
        </datafield>
        <datafield tag="337" ind1=" " ind2=" ">
            <subfield code="a">unmediated</subfield>
            <subfield code="2">rdamedia</subfield>
        </datafield>
        <datafield tag="338" ind1=" " ind2=" ">
            <subfield code="a">volume</subfield>
            <subfield code="2">rdacarrier</subfield>
        </datafield>
        <datafield tag="490" ind1="0" ind2=" ">
            <subfield code="a">(Penguin books. no. 2786.)</subfield>
        </datafield>
    </record>