
    <record>
        <leader>00673nam a22002173  4500</leader>
        <controlfield tag="001">004053832</controlfield>
        <controlfield tag="003">Uk integrated</controlfield>
        <controlfield tag="005">20220225181816.0</controlfield>
        <controlfield tag="008">901203|1969|||||||    ||     ||| ||eng  </controlfield>
        <datafield tag="019" ind1="x" ind2=" ">
            <subfield code="a">3633330011</subfield>
        </datafield>
        <datafield tag="100" ind1="1" ind2=" ">
            <subfield code="a">Galsworthy, John,</subfield>
            <subfield code="d">1867-1933.</subfield>
        </datafield>
        <datafield tag="240" ind1="1" ind2="0">
            <subfield code="a">Works</subfield>
        </datafield>
        <datafield tag="245" ind1="1" ind2="0">
            <subfield code="a">Collected works.</subfield>
        </datafield>
        <datafield tag="260" ind1=" " ind2=" ">
            <subfield code="a">London :</subfield>
            <subfield code="b">Heron Books,</subfield>
            <subfield code="c">[1969]</subfield>
        </datafield>
        <datafield tag="300" ind1=" " ind2=" ">
            <subfield code="a">12 vol. :</subfield>
            <subfield code="b">plates, ports. ;</subfield>
            <subfield code="c">20 cm.</subfield>
        </datafield>
        <datafield tag="336" ind1=" " ind2=" ">
            <subfield code="a">text</subfield>
            <subfield code="2">rdacontent</subfield>
        </datafield>
        <datafield tag="337" ind1=" " ind2=" ">
            <subfield code="a">unmediated</subfield>
            <subfield code="2">rdamedia</subfield>
        </datafield>
        <datafield tag="338" ind1=" " ind2=" ">
            <subfield code="a">volume</subfield>
            <subfield code="2">rdacarrier</subfield>
        </datafield>
    </record>