
    <record>
        <leader>00758nam a22002173  4500</leader>
        <controlfield tag="001">003573686</controlfield>
        <controlfield tag="003">Uk integrated</controlfield>
        <controlfield tag="005">20200612192341.0</controlfield>
        <controlfield tag="008">900605|1954|||||||    ||     ||| |||||  </controlfield>
        <datafield tag="019" ind1="x" ind2=" ">
            <subfield code="a">3202120093</subfield>
        </datafield>
        <datafield tag="100" ind1="1" ind2=" ">
            <subfield code="a">TAKAHASHI, Genji.</subfield>
        </datafield>
        <datafield tag="245" ind1="1" ind2="0">
            <subfield code="a">Studies in the Works of John Galsworthy, with special reference to his visions of love and beauty. [With a portrait.]</subfield>
        </datafield>
        <datafield tag="264" ind1=" " ind2="1">
            <subfield code="a">Tokyo :</subfield>
            <subfield code="b">Shinozaki Shorin,</subfield>
            <subfield code="c">1954.</subfield>
        </datafield>
        <datafield tag="300" ind1=" " ind2=" ">
            <subfield code="a">vi, iii, 392 pages ;</subfield>
            <subfield code="c">(8º)</subfield>
        </datafield>
        <datafield tag="336" ind1=" " ind2=" ">
            <subfield code="a">text</subfield>
            <subfield code="2">rdacontent</subfield>
        </datafield>
        <datafield tag="337" ind1=" " ind2=" ">
            <subfield code="a">unmediated</subfield>
            <subfield code="2">rdamedia</subfield>
        </datafield>
        <datafield tag="338" ind1=" " ind2=" ">
            <subfield code="a">volume</subfield>
            <subfield code="2">rdacarrier</subfield>
        </datafield>
        <datafield tag="700" ind1="1" ind2=" ">
            <subfield code="a">Galsworthy, John,</subfield>
            <subfield code="d">1867-1933.</subfield>
        </datafield>
    </record>