
    <record>
        <leader>00614nam a22002173  4500</leader>
        <controlfield tag="001">003423197</controlfield>
        <controlfield tag="003">Uk integrated</controlfield>
        <controlfield tag="005">20160703203200.0</controlfield>
        <controlfield tag="008">970519|1916|||||||    ||     ||| |||||  </controlfield>
        <datafield tag="019" ind1="x" ind2=" ">
            <subfield code="a">3061140387</subfield>
        </datafield>
        <datafield tag="100" ind1="1" ind2=" ">
            <subfield code="a">Kaye-Smith, Sheila,</subfield>
            <subfield code="d">1887-1956.</subfield>
        </datafield>
        <datafield tag="245" ind1="1" ind2="0">
            <subfield code="a">John Galsworthy.</subfield>
        </datafield>
        <datafield tag="260" ind1=" " ind2=" ">
            <subfield code="c">1916.</subfield>
        </datafield>
        <datafield tag="300" ind1=" " ind2=" ">
            <subfield code="a">123 p.</subfield>
        </datafield>
        <datafield tag="336" ind1=" " ind2=" ">
            <subfield code="a">text</subfield>
            <subfield code="2">rdacontent</subfield>
        </datafield>
        <datafield tag="337" ind1=" " ind2=" ">
            <subfield code="a">unmediated</subfield>
            <subfield code="2">rdamedia</subfield>
        </datafield>
        <datafield tag="338" ind1=" " ind2=" ">
            <subfield code="a">volume</subfield>
            <subfield code="2">rdacarrier</subfield>
        </datafield>
        <datafield tag="580" ind1=" " ind2=" ">
            <subfield code="a">In: Christian (Bertram) Writers of the Day. 1915, etc. 8º.</subfield>
        </datafield>
        <datafield tag="700" ind1="1" ind2=" ">
            <subfield code="a">Galsworthy, John,</subfield>
            <subfield code="d">1867-1933.</subfield>
        </datafield>
    </record>