
    <record>
        <leader>00931nam a2200253   4500</leader>
        <controlfield tag="001">003397041</controlfield>
        <controlfield tag="003">Uk integrated</controlfield>
        <controlfield tag="005">20150624171921.0</controlfield>
        <controlfield tag="008">900410s1901    stk           000 1 eng  </controlfield>
        <datafield tag="019" ind1="x" ind2=" ">
            <subfield code="a">3033920209</subfield>
        </datafield>
        <datafield tag="100" ind1="1" ind2=" ">
            <subfield code="a">Galsworthy, John,</subfield>
            <subfield code="d">1867-1933.</subfield>
        </datafield>
        <datafield tag="245" ind1="1" ind2="2">
            <subfield code="a">A Man of Devon</subfield>
            <subfield code="c">By John Sinjohn Author of 'Villa Rubein,' 'Jocelyn,' 'From the four winds,' etc.</subfield>
        </datafield>
        <datafield tag="264" ind1=" " ind2="1">
            <subfield code="a">Edinburgh and London :</subfield>
            <subfield code="b">William Blackwood and Sons,</subfield>
            <subfield code="c">MCMI [1901]</subfield>
        </datafield>
        <datafield tag="300" ind1=" " ind2=" ">
            <subfield code="a">[8], 306 pages ;</subfield>
            <subfield code="c">20 cm</subfield>
        </datafield>
        <datafield tag="336" ind1=" " ind2=" ">
            <subfield code="a">text</subfield>
            <subfield code="2">rdacontent</subfield>
        </datafield>
        <datafield tag="337" ind1=" " ind2=" ">
            <subfield code="a">unmediated</subfield>
            <subfield code="2">rdamedia</subfield>
        </datafield>
        <datafield tag="338" ind1=" " ind2=" ">
            <subfield code="a">volume</subfield>
            <subfield code="2">rdacarrier</subfield>
        </datafield>
        <datafield tag="500" ind1=" " ind2=" ">
            <subfield code="a">John Sinjohn is pesudonym of John Galsworthy.</subfield>
        </datafield>
        <datafield tag="500" ind1=" " ind2=" ">
            <subfield code="a">With 32 page publisher's catalogue bound in at end.</subfield>
        </datafield>
        <datafield tag="710" ind1="2" ind2=" ">
            <subfield code="a">William Blackwood and Sons,</subfield>
            <subfield code="e">publisher.</subfield>
        </datafield>
    </record>