
    <record>
        <leader>00843nam a22002413  4500</leader>
        <controlfield tag="001">003287330</controlfield>
        <controlfield tag="003">Uk integrated</controlfield>
        <controlfield tag="005">20200612183137.0</controlfield>
        <controlfield tag="008">900301|1936|||||||    ||     ||| ||ger  </controlfield>
        <datafield tag="019" ind1="x" ind2=" ">
            <subfield code="a">2933030020</subfield>
        </datafield>
        <datafield tag="100" ind1="1" ind2=" ">
            <subfield code="a">Schmitz, Wilhelmine.</subfield>
        </datafield>
        <datafield tag="245" ind1="1" ind2="0">
            <subfield code="a">Der Mensch und die Gesellschaft im Werke John Galsworthys.</subfield>
        </datafield>
        <datafield tag="264" ind1=" " ind2="1">
            <subfield code="a">Bochum-Langendreer,</subfield>
            <subfield code="c">1936.</subfield>
        </datafield>
        <datafield tag="300" ind1=" " ind2=" ">
            <subfield code="a">199 pages ;</subfield>
            <subfield code="c">(8º)</subfield>
        </datafield>
        <datafield tag="336" ind1=" " ind2=" ">
            <subfield code="a">text</subfield>
            <subfield code="2">rdacontent</subfield>
        </datafield>
        <datafield tag="337" ind1=" " ind2=" ">
            <subfield code="a">unmediated</subfield>
            <subfield code="2">rdamedia</subfield>
        </datafield>
        <datafield tag="338" ind1=" " ind2=" ">
            <subfield code="a">volume</subfield>
            <subfield code="2">rdacarrier</subfield>
        </datafield>
        <datafield tag="490" ind1="0" ind2=" ">
            <subfield code="a">[Kölner anglistische Arbeiten. Bd. 27.]</subfield>
        </datafield>
        <datafield tag="700" ind1="1" ind2=" ">
            <subfield code="a">Galsworthy, John,</subfield>
            <subfield code="d">1867-1933.</subfield>
        </datafield>
    </record>