
    <record>
        <leader>00855nam a22002413  4500</leader>
        <controlfield tag="001">003138406</controlfield>
        <controlfield tag="003">Uk integrated</controlfield>
        <controlfield tag="005">20200605192906.0</controlfield>
        <controlfield tag="008">900201|1933|||||||    ||     ||| ||eng  </controlfield>
        <datafield tag="019" ind1="x" ind2=" ">
            <subfield code="a">2792690070</subfield>
        </datafield>
        <datafield tag="100" ind1="1" ind2=" ">
            <subfield code="a">ROHMER, Charlotte.</subfield>
        </datafield>
        <datafield tag="245" ind1="1" ind2="0">
            <subfield code="a">Buddenbrooks und The Forsyte Saga. Inaugural-Dissertation, etc.</subfield>
        </datafield>
        <datafield tag="264" ind1=" " ind2="1">
            <subfield code="a">Nördlingen,</subfield>
            <subfield code="c">1933.</subfield>
        </datafield>
        <datafield tag="300" ind1=" " ind2=" ">
            <subfield code="a">65 pages ;</subfield>
            <subfield code="c">(8º)</subfield>
        </datafield>
        <datafield tag="336" ind1=" " ind2=" ">
            <subfield code="a">text</subfield>
            <subfield code="2">rdacontent</subfield>
        </datafield>
        <datafield tag="337" ind1=" " ind2=" ">
            <subfield code="a">unmediated</subfield>
            <subfield code="2">rdamedia</subfield>
        </datafield>
        <datafield tag="338" ind1=" " ind2=" ">
            <subfield code="a">volume</subfield>
            <subfield code="2">rdacarrier</subfield>
        </datafield>
        <datafield tag="700" ind1="1" ind2=" ">
            <subfield code="a">Galsworthy, John,</subfield>
            <subfield code="d">1867-1933.</subfield>
        </datafield>
        <datafield tag="700" ind1="1" ind2=" ">
            <subfield code="a">Mann, Thomas,</subfield>
            <subfield code="d">1875-1955.</subfield>
            <subfield code="t">Single Works. [Buddenbrooks.].</subfield>
        </datafield>
    </record>