
    <record>
        <leader>00861nam a22002293  4500</leader>
        <controlfield tag="001">003023986</controlfield>
        <controlfield tag="003">Uk integrated</controlfield>
        <controlfield tag="005">20200605190709.0</controlfield>
        <controlfield tag="008">900125|1935|||||||    ||     ||| ||ger  </controlfield>
        <datafield tag="019" ind1="x" ind2=" ">
            <subfield code="a">269064004X</subfield>
        </datafield>
        <datafield tag="100" ind1="1" ind2=" ">
            <subfield code="a">RABIUS, Bernhard Emil Heinrich Wilhelm.</subfield>
        </datafield>
        <datafield tag="245" ind1="1" ind2="0">
            <subfield code="a">Die innere strukturelle Verwandtschaft von Galsworthys "Forsyte Saga" und den isländischen Sagas. Inaugural-Dissertation, etc.</subfield>
        </datafield>
        <datafield tag="264" ind1=" " ind2="1">
            <subfield code="a">Marburg,</subfield>
            <subfield code="c">1935.</subfield>
        </datafield>
        <datafield tag="300" ind1=" " ind2=" ">
            <subfield code="a">112 pages ;</subfield>
            <subfield code="c">(8º)</subfield>
        </datafield>
        <datafield tag="336" ind1=" " ind2=" ">
            <subfield code="a">text</subfield>
            <subfield code="2">rdacontent</subfield>
        </datafield>
        <datafield tag="337" ind1=" " ind2=" ">
            <subfield code="a">unmediated</subfield>
            <subfield code="2">rdamedia</subfield>
        </datafield>
        <datafield tag="338" ind1=" " ind2=" ">
            <subfield code="a">volume</subfield>
            <subfield code="2">rdacarrier</subfield>
        </datafield>
        <datafield tag="700" ind1="1" ind2=" ">
            <subfield code="a">Galsworthy, John,</subfield>
            <subfield code="d">1867-1933.</subfield>
        </datafield>
    </record>