
    <record>
        <leader>00857nam a22002413  4500</leader>
        <controlfield tag="001">002939415</controlfield>
        <controlfield tag="003">Uk integrated</controlfield>
        <controlfield tag="005">20200605185136.0</controlfield>
        <controlfield tag="008">891201|1919||||enk    ||     ||| ||eng  </controlfield>
        <datafield tag="019" ind1="x" ind2=" ">
            <subfield code="a">2611140251</subfield>
        </datafield>
        <datafield tag="100" ind1="1" ind2=" ">
            <subfield code="a">P-M, A. R.</subfield>
        </datafield>
        <datafield tag="245" ind1="1" ind2="4">
            <subfield code="a">The Burning Spear: being the experiences of Mr. John Lavender in time of war. Recorded by A. R. P-m. [i.e. John Galsworthy.]</subfield>
        </datafield>
        <datafield tag="264" ind1=" " ind2="1">
            <subfield code="a">London :</subfield>
            <subfield code="b">Chatto &amp; Windus,</subfield>
            <subfield code="c">1919.</subfield>
        </datafield>
        <datafield tag="300" ind1=" " ind2=" ">
            <subfield code="a">vii, 248 pages ;</subfield>
            <subfield code="c">(8º)</subfield>
        </datafield>
        <datafield tag="336" ind1=" " ind2=" ">
            <subfield code="a">text</subfield>
            <subfield code="2">rdacontent</subfield>
        </datafield>
        <datafield tag="337" ind1=" " ind2=" ">
            <subfield code="a">unmediated</subfield>
            <subfield code="2">rdamedia</subfield>
        </datafield>
        <datafield tag="338" ind1=" " ind2=" ">
            <subfield code="a">volume</subfield>
            <subfield code="2">rdacarrier</subfield>
        </datafield>
        <datafield tag="700" ind1="1" ind2=" ">
            <subfield code="a">Galsworthy, John,</subfield>
            <subfield code="d">1867-1933.</subfield>
            <subfield code="t">Single Works.</subfield>
        </datafield>
        <datafield tag="720" ind1=" " ind2=" ">
            <subfield code="a">SPEAR</subfield>
        </datafield>
    </record>