
    <record>
        <leader>00875nam a22002413  4500</leader>
        <controlfield tag="001">002567378</controlfield>
        <controlfield tag="003">Uk integrated</controlfield>
        <controlfield tag="005">20220204183326.0</controlfield>
        <controlfield tag="008">890721|1953||||enk    ||     ||| ||eng  </controlfield>
        <datafield tag="019" ind1="x" ind2=" ">
            <subfield code="a">2283020174</subfield>
        </datafield>
        <datafield tag="100" ind1="1" ind2=" ">
            <subfield code="a">Mottram, R. H.</subfield>
            <subfield code="q">(Ralph Hale),</subfield>
            <subfield code="d">1883-1971.</subfield>
        </datafield>
        <datafield tag="245" ind1="1" ind2="0">
            <subfield code="a">John Galsworthy. [With a portrait.]</subfield>
        </datafield>
        <datafield tag="264" ind1=" " ind2="1">
            <subfield code="a">London :</subfield>
            <subfield code="b">Longmans, Green &amp; Co,</subfield>
            <subfield code="c">1953.</subfield>
        </datafield>
        <datafield tag="300" ind1=" " ind2=" ">
            <subfield code="a">40 pages ;</subfield>
            <subfield code="c">(8º)</subfield>
        </datafield>
        <datafield tag="336" ind1=" " ind2=" ">
            <subfield code="a">text</subfield>
            <subfield code="2">rdacontent</subfield>
        </datafield>
        <datafield tag="337" ind1=" " ind2=" ">
            <subfield code="a">unmediated</subfield>
            <subfield code="2">rdamedia</subfield>
        </datafield>
        <datafield tag="338" ind1=" " ind2=" ">
            <subfield code="a">volume</subfield>
            <subfield code="2">rdacarrier</subfield>
        </datafield>
        <datafield tag="490" ind1="0" ind2=" ">
            <subfield code="a">[Bibliographical Series of Supplements to 'British Book News.']</subfield>
        </datafield>
        <datafield tag="700" ind1="1" ind2=" ">
            <subfield code="a">Galsworthy, John,</subfield>
            <subfield code="d">1867-1933.</subfield>
        </datafield>
    </record>