
    <record>
        <leader>00977nam a22002653  4500</leader>
        <controlfield tag="001">002024762</controlfield>
        <controlfield tag="003">Uk integrated</controlfield>
        <controlfield tag="005">20200523110347.0</controlfield>
        <controlfield tag="008">890213|1935|||||||    ||     ||| ||ger  </controlfield>
        <datafield tag="019" ind1="x" ind2=" ">
            <subfield code="a">1794220186</subfield>
        </datafield>
        <datafield tag="100" ind1="1" ind2=" ">
            <subfield code="a">KROENER, Johanna.</subfield>
        </datafield>
        <datafield tag="245" ind1="1" ind2="0">
            <subfield code="a">Die Technik des realistischen Dramas bei Ibsen und Galsworthy.</subfield>
        </datafield>
        <datafield tag="264" ind1=" " ind2="1">
            <subfield code="a">Leipzig,</subfield>
            <subfield code="c">1935.</subfield>
        </datafield>
        <datafield tag="300" ind1=" " ind2=" ">
            <subfield code="a">113 pages ;</subfield>
            <subfield code="c">(8º)</subfield>
        </datafield>
        <datafield tag="336" ind1=" " ind2=" ">
            <subfield code="a">text</subfield>
            <subfield code="2">rdacontent</subfield>
        </datafield>
        <datafield tag="337" ind1=" " ind2=" ">
            <subfield code="a">unmediated</subfield>
            <subfield code="2">rdamedia</subfield>
        </datafield>
        <datafield tag="338" ind1=" " ind2=" ">
            <subfield code="a">volume</subfield>
            <subfield code="2">rdacarrier</subfield>
        </datafield>
        <datafield tag="490" ind1="0" ind2=" ">
            <subfield code="a">[Beiträge zur englischen Philologie. Hft. 28.]</subfield>
        </datafield>
        <datafield tag="700" ind1="1" ind2=" ">
            <subfield code="a">Galsworthy, John,</subfield>
            <subfield code="d">1867-1933.</subfield>
        </datafield>
        <datafield tag="700" ind1="1" ind2=" ">
            <subfield code="a">Ibsen, Henrik,</subfield>
            <subfield code="d">1828-1906.</subfield>
            <subfield code="t">Appendix.</subfield>
        </datafield>
    </record>