
    <record>
        <leader>01069nam a22002773  4500</leader>
        <controlfield tag="001">001907705</controlfield>
        <controlfield tag="003">Uk integrated</controlfield>
        <controlfield tag="005">20200523104757.0</controlfield>
        <controlfield tag="008">890119|1962|||||||    ||     ||| |||||  </controlfield>
        <datafield tag="019" ind1="x" ind2=" ">
            <subfield code="a">1690440147</subfield>
        </datafield>
        <datafield tag="100" ind1="1" ind2=" ">
            <subfield code="a">JOVANOVIC, Slobodan A.</subfield>
        </datafield>
        <datafield tag="245" ind1="1" ind2="0">
            <subfield code="a">Три огледа. Ибзен, Голсворди, Колета..</subfield>
        </datafield>
        <datafield tag="264" ind1=" " ind2="1">
            <subfield code="a">Крушевац,</subfield>
            <subfield code="c">1962.</subfield>
        </datafield>
        <datafield tag="300" ind1=" " ind2=" ">
            <subfield code="a">101 pages ;</subfield>
            <subfield code="c">(8º)</subfield>
        </datafield>
        <datafield tag="336" ind1=" " ind2=" ">
            <subfield code="a">text</subfield>
            <subfield code="2">rdacontent</subfield>
        </datafield>
        <datafield tag="337" ind1=" " ind2=" ">
            <subfield code="a">unmediated</subfield>
            <subfield code="2">rdamedia</subfield>
        </datafield>
        <datafield tag="338" ind1=" " ind2=" ">
            <subfield code="a">volume</subfield>
            <subfield code="2">rdacarrier</subfield>
        </datafield>
        <datafield tag="500" ind1=" " ind2=" ">
            <subfield code="a">Part of the "Мала библиотека 'Људи у времену'.".</subfield>
        </datafield>
        <datafield tag="700" ind1="0" ind2=" ">
            <subfield code="a">Colette,</subfield>
            <subfield code="d">1873-1954.</subfield>
        </datafield>
        <datafield tag="700" ind1="1" ind2=" ">
            <subfield code="a">Galsworthy, John,</subfield>
            <subfield code="d">1867-1933.</subfield>
        </datafield>
        <datafield tag="700" ind1="1" ind2=" ">
            <subfield code="a">Ibsen, Henrik,</subfield>
            <subfield code="d">1828-1906.</subfield>
            <subfield code="t">Appendix.</subfield>
        </datafield>
    </record>