
    <record>
        <leader>00951nam a22002413  4500</leader>
        <controlfield tag="001">001604539</controlfield>
        <controlfield tag="003">Uk integrated</controlfield>
        <controlfield tag="005">20201009175335.0</controlfield>
        <controlfield tag="008">881017|1944|||||||    ||     ||| ||eng  </controlfield>
        <datafield tag="019" ind1="x" ind2=" ">
            <subfield code="a">1410130177</subfield>
        </datafield>
        <datafield tag="100" ind1="1" ind2=" ">
            <subfield code="a">HARRISSON, John Anthony Bernard,</subfield>
            <subfield code="c">and GALSWORTHY (Hubert J.)</subfield>
        </datafield>
        <datafield tag="245" ind1="1" ind2="0">
            <subfield code="a">Pad ... (A conversation in verse between the commanding officers of two mine sweepers.) Illustrations by M. Galsworthy, etc.</subfield>
        </datafield>
        <datafield tag="264" ind1=" " ind2="1">
            <subfield code="a">Winchester :</subfield>
            <subfield code="b">Warren &amp; Son,</subfield>
            <subfield code="c">[1944]</subfield>
        </datafield>
        <datafield tag="300" ind1=" " ind2=" ">
            <subfield code="a">54 pages ;</subfield>
            <subfield code="c">(8º)</subfield>
        </datafield>
        <datafield tag="336" ind1=" " ind2=" ">
            <subfield code="a">text</subfield>
            <subfield code="2">rdacontent</subfield>
        </datafield>
        <datafield tag="337" ind1=" " ind2=" ">
            <subfield code="a">unmediated</subfield>
            <subfield code="2">rdamedia</subfield>
        </datafield>
        <datafield tag="338" ind1=" " ind2=" ">
            <subfield code="a">volume</subfield>
            <subfield code="2">rdacarrier</subfield>
        </datafield>
        <datafield tag="700" ind1="1" ind2=" ">
            <subfield code="a">GALSWORTHY, Hubert J.</subfield>
        </datafield>
    </record>