
    <record>
        <leader>00730nam a22002293  4500</leader>
        <controlfield tag="001">001356973</controlfield>
        <controlfield tag="003">Uk integrated</controlfield>
        <controlfield tag="005">20200508194307.0</controlfield>
        <controlfield tag="008">880801|1927||||enk    ||     ||| ||eng  </controlfield>
        <datafield tag="019" ind1="x" ind2=" ">
            <subfield code="a">119168010X</subfield>
        </datafield>
        <datafield tag="100" ind1="1" ind2=" ">
            <subfield code="a">Galsworthy, John,</subfield>
            <subfield code="d">1867-1933.</subfield>
        </datafield>
        <datafield tag="240" ind1="1" ind2="0">
            <subfield code="a">Works.</subfield>
            <subfield code="k">Selections</subfield>
        </datafield>
        <datafield tag="245" ind1="1" ind2="2">
            <subfield code="a">A Galsworthy Calendar ... Selected and arranged by H. V. Marrot.</subfield>
        </datafield>
        <datafield tag="264" ind1=" " ind2="1">
            <subfield code="a">London :</subfield>
            <subfield code="b">E. Mathews &amp; Marrot,</subfield>
            <subfield code="c">1927 [1926]</subfield>
        </datafield>
        <datafield tag="300" ind1=" " ind2=" ">
            <subfield code="c">(8º)</subfield>
        </datafield>
        <datafield tag="336" ind1=" " ind2=" ">
            <subfield code="a">text</subfield>
            <subfield code="2">rdacontent</subfield>
        </datafield>
        <datafield tag="337" ind1=" " ind2=" ">
            <subfield code="a">unmediated</subfield>
            <subfield code="2">rdamedia</subfield>
        </datafield>
        <datafield tag="338" ind1=" " ind2=" ">
            <subfield code="a">volume</subfield>
            <subfield code="2">rdacarrier</subfield>
        </datafield>
        <datafield tag="700" ind1="1" ind2=" ">
            <subfield code="a">MARROT, Harold Vincent.</subfield>
        </datafield>
    </record>