
    <record>
        <leader>00901nam a22002533  4500</leader>
        <controlfield tag="001">001356969</controlfield>
        <controlfield tag="003">Uk integrated</controlfield>
        <controlfield tag="005">20190524181227.0</controlfield>
        <controlfield tag="008">010119|1926|||||||    ||     ||| ||dut  </controlfield>
        <datafield tag="019" ind1="x" ind2=" ">
            <subfield code="a">1191680061</subfield>
        </datafield>
        <datafield tag="100" ind1="1" ind2=" ">
            <subfield code="a">Galsworthy, John,</subfield>
            <subfield code="d">1867-1933.</subfield>
        </datafield>
        <datafield tag="240" ind1="1" ind2="0">
            <subfield code="a">The White Monkey</subfield>
        </datafield>
        <datafield tag="245" ind1="1" ind2="0">
            <subfield code="a">De witte aap. Geautoriseerde vertaling van: Mej. J. C. de Cock.</subfield>
        </datafield>
        <datafield tag="260" ind1=" " ind2=" ">
            <subfield code="a">Utrecht :</subfield>
            <subfield code="b">A. W. Bruna &amp; Zoon's Uitgevers-Mij,</subfield>
            <subfield code="c">[1926]</subfield>
        </datafield>
        <datafield tag="300" ind1=" " ind2=" ">
            <subfield code="a">372 p. ;</subfield>
            <subfield code="c">22 cm.</subfield>
        </datafield>
        <datafield tag="336" ind1=" " ind2=" ">
            <subfield code="a">text</subfield>
            <subfield code="2">rdacontent</subfield>
        </datafield>
        <datafield tag="337" ind1=" " ind2=" ">
            <subfield code="a">unmediated</subfield>
            <subfield code="2">rdamedia</subfield>
        </datafield>
        <datafield tag="338" ind1=" " ind2=" ">
            <subfield code="a">volume</subfield>
            <subfield code="2">rdacarrier</subfield>
        </datafield>
        <datafield tag="700" ind1="1" ind2=" ">
            <subfield code="a">COCK, J. C. de.</subfield>
        </datafield>
        <datafield tag="700" ind1="1" ind2=" ">
            <subfield code="a">Galsworthy, John,</subfield>
            <subfield code="d">1867-1933.</subfield>
            <subfield code="t">Single Works.</subfield>
        </datafield>
    </record>