
    <record>
        <leader>00815nam a22002173  4500</leader>
        <controlfield tag="001">001356917</controlfield>
        <controlfield tag="003">Uk integrated</controlfield>
        <controlfield tag="005">20200508194306.0</controlfield>
        <controlfield tag="008">880801|1939|||||||    ||     ||| |||||  </controlfield>
        <datafield tag="019" ind1="x" ind2=" ">
            <subfield code="a">1191660281</subfield>
        </datafield>
        <datafield tag="100" ind1="1" ind2=" ">
            <subfield code="a">Galsworthy, John,</subfield>
            <subfield code="d">1867-1933.</subfield>
        </datafield>
        <datafield tag="240" ind1="1" ind2="0">
            <subfield code="a">Single Works</subfield>
        </datafield>
        <datafield tag="245" ind1="1" ind2="0">
            <subfield code="a">'Nyasha. [A short story originally published in a periodical. With a facsimile of the author's corrected typescript and of an autograph letter from Ada Galsworthy to E. J. Bernheimer.]</subfield>
        </datafield>
        <datafield tag="264" ind1=" " ind2="1">
            <subfield code="a">Kansas City :</subfield>
            <subfield code="b">Privately printed for Earle J. Bernheimer,</subfield>
            <subfield code="c">1939.</subfield>
        </datafield>
        <datafield tag="300" ind1=" " ind2=" ">
            <subfield code="a">12, 12 pages ;</subfield>
            <subfield code="c">(8º)</subfield>
        </datafield>
        <datafield tag="336" ind1=" " ind2=" ">
            <subfield code="a">text</subfield>
            <subfield code="2">rdacontent</subfield>
        </datafield>
        <datafield tag="337" ind1=" " ind2=" ">
            <subfield code="a">unmediated</subfield>
            <subfield code="2">rdamedia</subfield>
        </datafield>
        <datafield tag="338" ind1=" " ind2=" ">
            <subfield code="a">volume</subfield>
            <subfield code="2">rdacarrier</subfield>
        </datafield>
        <datafield tag="500" ind1=" " ind2=" ">
            <subfield code="a">No. 23 of an edition of thirty copies.</subfield>
        </datafield>
    </record>