
    <record>
        <leader>01720nam a2200409 a 4500</leader>
        <controlfield tag="001">001356907</controlfield>
        <controlfield tag="003">Uk integrated</controlfield>
        <controlfield tag="005">20140331115912.0</controlfield>
        <controlfield tag="008">751106s1964    nyuafg        000 1 eng  </controlfield>
        <datafield tag="010" ind1=" " ind2=" ">
            <subfield code="a">64005353</subfield>
        </datafield>
        <datafield tag="019" ind1="x" ind2=" ">
            <subfield code="a">1191660184</subfield>
        </datafield>
        <datafield tag="043" ind1=" " ind2=" ">
            <subfield code="a">e-uk-en</subfield>
        </datafield>
        <datafield tag="100" ind1="1" ind2=" ">
            <subfield code="a">Galsworthy, John,</subfield>
            <subfield code="d">1867-1933.</subfield>
        </datafield>
        <datafield tag="245" ind1="1" ind2="4">
            <subfield code="a">The man of property /</subfield>
            <subfield code="c">John Galsworthy ; with an introduction by Evelyn Waugh ; illustrations by Charles Mozley.</subfield>
        </datafield>
        <datafield tag="246" ind1="1" ind2=" ">
            <subfield code="i">Half-title:</subfield>
            <subfield code="a">Forsyte saga.</subfield>
            <subfield code="p">Man of property</subfield>
        </datafield>
        <datafield tag="260" ind1=" " ind2=" ">
            <subfield code="a">New York :</subfield>
            <subfield code="b">Printed by A. Colish for the members of the Limited Editions Club,</subfield>
            <subfield code="c">1964.</subfield>
        </datafield>
        <datafield tag="300" ind1=" " ind2=" ">
            <subfield code="a">x, 285 p., [24] p. of plates :</subfield>
            <subfield code="b">ill. (some col.), music ;</subfield>
            <subfield code="c">28 cm.</subfield>
        </datafield>
        <datafield tag="336" ind1=" " ind2=" ">
            <subfield code="a">text</subfield>
            <subfield code="2">rdacontent</subfield>
        </datafield>
        <datafield tag="337" ind1=" " ind2=" ">
            <subfield code="a">unmediated</subfield>
            <subfield code="2">rdamedia</subfield>
        </datafield>
        <datafield tag="338" ind1=" " ind2=" ">
            <subfield code="a">volume</subfield>
            <subfield code="2">rdacarrier</subfield>
        </datafield>
        <datafield tag="500" ind1=" " ind2=" ">
            <subfield code="a">"1500 copies ... Planned by John Dreyfus ... Signed by the artist"--Colophon.</subfield>
        </datafield>
        <datafield tag="500" ind1=" " ind2=" ">
            <subfield code="a">Issued in slipcase.</subfield>
        </datafield>
        <datafield tag="510" ind1="4" ind2=" ">
            <subfield code="a">Limited Editions Club. Bibliography of the fine books published by the Limited Editions Club, 1929-1985,</subfield>
            <subfield code="c">no. 356</subfield>
        </datafield>
        <datafield tag="510" ind1="4" ind2=" ">
            <subfield code="a">Newman &amp; Wiche. Great and good books,</subfield>
            <subfield code="c">356</subfield>
        </datafield>
        <datafield tag="700" ind1="1" ind2=" ">
            <subfield code="a">Dreyfus, John,</subfield>
            <subfield code="e">book designer.</subfield>
        </datafield>
        <datafield tag="700" ind1="1" ind2=" ">
            <subfield code="a">Mozley, Charles,</subfield>
            <subfield code="e">illustrator.</subfield>
        </datafield>
        <datafield tag="700" ind1="1" ind2=" ">
            <subfield code="a">Waugh, Evelyn,</subfield>
            <subfield code="d">1903-1966.</subfield>
        </datafield>
        <datafield tag="710" ind1="2" ind2=" ">
            <subfield code="a">A. Colish (Firm),</subfield>
            <subfield code="e">printer.</subfield>
        </datafield>
    </record>