
    <record>
        <leader>01373nam a22003013  4500</leader>
        <controlfield tag="001">001356898</controlfield>
        <controlfield tag="003">Uk integrated</controlfield>
        <controlfield tag="005">20210317170004.0</controlfield>
        <controlfield tag="008">010119s1926    |||    ||     ||| d|fre  </controlfield>
        <datafield tag="019" ind1="x" ind2=" ">
            <subfield code="a">1191660087</subfield>
        </datafield>
        <datafield tag="100" ind1="1" ind2=" ">
            <subfield code="a">Galsworthy, John,</subfield>
            <subfield code="d">1867-1933.</subfield>
        </datafield>
        <datafield tag="240" ind1="1" ind2="0">
            <subfield code="a">Loyalties</subfield>
        </datafield>
        <datafield tag="245" ind1="1" ind2="0">
            <subfield code="a">Loyautés. Pièce en trois actes. Traduite ... par Madame Léonie Jean-Proix.</subfield>
        </datafield>
        <datafield tag="264" ind1=" " ind2="1">
            <subfield code="a">Paris,</subfield>
            <subfield code="c">1926.</subfield>
        </datafield>
        <datafield tag="300" ind1=" " ind2=" ">
            <subfield code="a">190 pages ;</subfield>
            <subfield code="c">(8º)</subfield>
        </datafield>
        <datafield tag="336" ind1=" " ind2=" ">
            <subfield code="a">text</subfield>
            <subfield code="2">rdacontent</subfield>
        </datafield>
        <datafield tag="337" ind1=" " ind2=" ">
            <subfield code="a">unmediated</subfield>
            <subfield code="2">rdamedia</subfield>
        </datafield>
        <datafield tag="338" ind1=" " ind2=" ">
            <subfield code="a">volume</subfield>
            <subfield code="2">rdacarrier</subfield>
        </datafield>
        <datafield tag="700" ind1="1" ind2=" ">
            <subfield code="a">Galsworthy, John,</subfield>
            <subfield code="d">1867-1933.</subfield>
            <subfield code="t">Single Works.</subfield>
        </datafield>
        <datafield tag="700" ind1="1" ind2=" ">
            <subfield code="a">Jean-Proix, Léonie.</subfield>
        </datafield>
    </record>