
    <record>
        <leader>01197nam a22002653  4500</leader>
        <controlfield tag="001">001356883</controlfield>
        <controlfield tag="003">Uk integrated</controlfield>
        <controlfield tag="005">20210317170003.0</controlfield>
        <controlfield tag="008">880801s1908    enk    ||     ||| 1|eng  </controlfield>
        <datafield tag="019" ind1="x" ind2=" ">
            <subfield code="a">1191650324</subfield>
        </datafield>
        <datafield tag="100" ind1="1" ind2=" ">
            <subfield code="a">Galsworthy, John,</subfield>
            <subfield code="d">1867-1933.</subfield>
        </datafield>
        <datafield tag="240" ind1="1" ind2="0">
            <subfield code="a">Single Works</subfield>
        </datafield>
        <datafield tag="245" ind1="1" ind2="4">
            <subfield code="a">The Island Pharisees ... New edition, revised and re-written.</subfield>
        </datafield>
        <datafield tag="264" ind1=" " ind2="1">
            <subfield code="a">London :</subfield>
            <subfield code="b">William Heinemann,</subfield>
            <subfield code="c">1908.</subfield>
        </datafield>
        <datafield tag="300" ind1=" " ind2=" ">
            <subfield code="a">xiv. 290 pages ;</subfield>
            <subfield code="c">(8º)</subfield>
        </datafield>
        <datafield tag="336" ind1=" " ind2=" ">
            <subfield code="a">text</subfield>
            <subfield code="2">rdacontent</subfield>
        </datafield>
        <datafield tag="337" ind1=" " ind2=" ">
            <subfield code="a">unmediated</subfield>
            <subfield code="2">rdamedia</subfield>
        </datafield>
        <datafield tag="338" ind1=" " ind2=" ">
            <subfield code="a">volume</subfield>
            <subfield code="2">rdacarrier</subfield>
        </datafield>
        <datafield tag="787" ind1="0" ind2=" ">
            <subfield code="t">The Island Pharisees ... New edition, etc.</subfield>
            <subfield code="w">(Uk)MP1.0001430088.1</subfield>
            <subfield code="d">London, 1908. 8º.</subfield>
        </datafield>
    </record>