
    <record>
        <leader>00778nam a22002413  4500</leader>
        <controlfield tag="001">001356859</controlfield>
        <controlfield tag="003">Uk integrated</controlfield>
        <controlfield tag="005">20200327175006.0</controlfield>
        <controlfield tag="008">980909|1912|||||||    ||     ||| ||eng  </controlfield>
        <datafield tag="019" ind1="x" ind2=" ">
            <subfield code="a">119165009X</subfield>
        </datafield>
        <datafield tag="100" ind1="1" ind2=" ">
            <subfield code="a">Galsworthy, John,</subfield>
            <subfield code="d">1867-1933.</subfield>
        </datafield>
        <datafield tag="240" ind1="1" ind2="0">
            <subfield code="a">Single Works</subfield>
        </datafield>
        <datafield tag="245" ind1="1" ind2="0">
            <subfield code="a">For Love of Beasts ... Reprinted from the "Pall Mall Gazette.".</subfield>
        </datafield>
        <datafield tag="260" ind1=" " ind2=" ">
            <subfield code="c">1912.</subfield>
        </datafield>
        <datafield tag="300" ind1=" " ind2=" ">
            <subfield code="a">20 p.</subfield>
        </datafield>
        <datafield tag="336" ind1=" " ind2=" ">
            <subfield code="a">text</subfield>
            <subfield code="2">rdacontent</subfield>
        </datafield>
        <datafield tag="337" ind1=" " ind2=" ">
            <subfield code="a">unmediated</subfield>
            <subfield code="2">rdamedia</subfield>
        </datafield>
        <datafield tag="338" ind1=" " ind2=" ">
            <subfield code="a">volume</subfield>
            <subfield code="2">rdacarrier</subfield>
        </datafield>
        <datafield tag="580" ind1=" " ind2=" ">
            <subfield code="a">In: London.-III. Animals' Friend Society. The "A.F." Pamphlet Series. 1910, etc. 8º.</subfield>
        </datafield>
    </record>