
    <record>
        <leader>01023nam a22002653  4500</leader>
        <controlfield tag="001">001356855</controlfield>
        <controlfield tag="003">Uk integrated</controlfield>
        <controlfield tag="005">20201002183735.0</controlfield>
        <controlfield tag="008">010119|1958|||||||    ||     ||| ||rus  </controlfield>
        <datafield tag="019" ind1="x" ind2=" ">
            <subfield code="a">1191650057</subfield>
        </datafield>
        <datafield tag="041" ind1="1" ind2=" ">
            <subfield code="a">rus</subfield>
            <subfield code="h">eng</subfield>
        </datafield>
        <datafield tag="100" ind1="1" ind2=" ">
            <subfield code="a">Galsworthy, John,</subfield>
            <subfield code="d">1867-1933.</subfield>
        </datafield>
        <datafield tag="240" ind1="1" ind2="0">
            <subfield code="a">The Apple Tree</subfield>
        </datafield>
        <datafield tag="245" ind1="1" ind2="0">
            <subfield code="a">Цвет яблони. Перевод с английского Р. Райт-Ковалевой. [A translation of "The Apple Tree," extracted from "Five Tales."]</subfield>
        </datafield>
        <datafield tag="264" ind1=" " ind2="1">
            <subfield code="a">Москва,</subfield>
            <subfield code="c">1958.</subfield>
        </datafield>
        <datafield tag="300" ind1=" " ind2=" ">
            <subfield code="a">60 pages ;</subfield>
            <subfield code="c">(8º)</subfield>
        </datafield>
        <datafield tag="336" ind1=" " ind2=" ">
            <subfield code="a">text</subfield>
            <subfield code="2">rdacontent</subfield>
        </datafield>
        <datafield tag="337" ind1=" " ind2=" ">
            <subfield code="a">unmediated</subfield>
            <subfield code="2">rdamedia</subfield>
        </datafield>
        <datafield tag="338" ind1=" " ind2=" ">
            <subfield code="a">volume</subfield>
            <subfield code="2">rdacarrier</subfield>
        </datafield>
        <datafield tag="700" ind1="1" ind2=" ">
            <subfield code="a">Galsworthy, John,</subfield>
            <subfield code="d">1867-1933.</subfield>
            <subfield code="t">Single Works.</subfield>
        </datafield>
        <datafield tag="700" ind1="1" ind2=" ">
            <subfield code="a">RAIT-KOVALEVA, Rita Yakovlevna.</subfield>
        </datafield>
    </record>