
    <record>
        <leader>01378nam a22003253  4500</leader>
        <controlfield tag="001">001356850</controlfield>
        <controlfield tag="003">Uk integrated</controlfield>
        <controlfield tag="005">20210317170003.0</controlfield>
        <controlfield tag="008">010119s1945    enk           000 1 fre  </controlfield>
        <datafield tag="019" ind1="u" ind2=" ">
            <subfield code="a">G10616762</subfield>
        </datafield>
        <datafield tag="019" ind1="x" ind2=" ">
            <subfield code="a">1191650006</subfield>
        </datafield>
        <datafield tag="100" ind1="1" ind2=" ">
            <subfield code="a">Galsworthy, John,</subfield>
            <subfield code="d">1867-1933.</subfield>
        </datafield>
        <datafield tag="240" ind1="1" ind2="0">
            <subfield code="a">The Apple Tree</subfield>
        </datafield>
        <datafield tag="245" ind1="1" ind2="0">
            <subfield code="a">Sous le pommier en fleurs /</subfield>
            <subfield code="c">traduit par René Elvin.</subfield>
        </datafield>
        <datafield tag="264" ind1=" " ind2="1">
            <subfield code="a">Londres :</subfield>
            <subfield code="b">Heinemann &amp; Zsolnay,</subfield>
            <subfield code="c">1945.</subfield>
        </datafield>
        <datafield tag="300" ind1=" " ind2=" ">
            <subfield code="a">63 pages ;</subfield>
            <subfield code="c">(8º)</subfield>
        </datafield>
        <datafield tag="336" ind1=" " ind2=" ">
            <subfield code="a">text</subfield>
            <subfield code="2">rdacontent</subfield>
        </datafield>
        <datafield tag="337" ind1=" " ind2=" ">
            <subfield code="a">unmediated</subfield>
            <subfield code="2">rdamedia</subfield>
        </datafield>
        <datafield tag="338" ind1=" " ind2=" ">
            <subfield code="a">volume</subfield>
            <subfield code="2">rdacarrier</subfield>
        </datafield>
        <datafield tag="500" ind1=" " ind2=" ">
            <subfield code="a">A translation of The Apple Tree, extracted from Five Tales.</subfield>
        </datafield>
        <datafield tag="700" ind1="1" ind2=" ">
            <subfield code="a">ELVIN, René.</subfield>
        </datafield>
        <datafield tag="700" ind1="1" ind2=" ">
            <subfield code="a">Galsworthy, John,</subfield>
            <subfield code="d">1867-1933.</subfield>
            <subfield code="t">Single Works.</subfield>
        </datafield>
    </record>