
    <record>
        <leader>00899nam a22002533  4500</leader>
        <controlfield tag="001">001356838</controlfield>
        <controlfield tag="003">Uk integrated</controlfield>
        <controlfield tag="005">20190524181227.0</controlfield>
        <controlfield tag="008">010119|1937||||gw     ||     ||| ||ger  </controlfield>
        <datafield tag="019" ind1="x" ind2=" ">
            <subfield code="a">1191640299</subfield>
        </datafield>
        <datafield tag="100" ind1="1" ind2=" ">
            <subfield code="a">Galsworthy, John,</subfield>
            <subfield code="d">1867-1933.</subfield>
        </datafield>
        <datafield tag="240" ind1="1" ind2="0">
            <subfield code="a">The Dark Flower</subfield>
        </datafield>
        <datafield tag="245" ind1="1" ind2="0">
            <subfield code="a">Die dunkle Blume. Roman. Autorisierte Übersetzung ... von Leon Schalit.</subfield>
        </datafield>
        <datafield tag="260" ind1=" " ind2=" ">
            <subfield code="a">Berlin, etc. :</subfield>
            <subfield code="b">Paul Zsolnay Verlag,</subfield>
            <subfield code="c">1937.</subfield>
        </datafield>
        <datafield tag="300" ind1=" " ind2=" ">
            <subfield code="a">316 p. ;</subfield>
            <subfield code="c">20 cm.</subfield>
        </datafield>
        <datafield tag="336" ind1=" " ind2=" ">
            <subfield code="a">text</subfield>
            <subfield code="2">rdacontent</subfield>
        </datafield>
        <datafield tag="337" ind1=" " ind2=" ">
            <subfield code="a">unmediated</subfield>
            <subfield code="2">rdamedia</subfield>
        </datafield>
        <datafield tag="338" ind1=" " ind2=" ">
            <subfield code="a">volume</subfield>
            <subfield code="2">rdacarrier</subfield>
        </datafield>
        <datafield tag="700" ind1="1" ind2=" ">
            <subfield code="a">Galsworthy, John,</subfield>
            <subfield code="d">1867-1933.</subfield>
            <subfield code="t">Single Works.</subfield>
        </datafield>
        <datafield tag="700" ind1="1" ind2=" ">
            <subfield code="a">Schalit, Leon.</subfield>
        </datafield>
    </record>