
    <record>
        <leader>00797naa a22002053  4500</leader>
        <controlfield tag="001">001356800</controlfield>
        <controlfield tag="003">Uk integrated</controlfield>
        <controlfield tag="005">20220128184535.0</controlfield>
        <controlfield tag="008">010119||||||||||||    ||     ||| ||rum  </controlfield>
        <datafield tag="019" ind1="x" ind2=" ">
            <subfield code="a">1191630242</subfield>
        </datafield>
        <datafield tag="100" ind1="1" ind2=" ">
            <subfield code="a">Galsworthy, John,</subfield>
            <subfield code="d">1867-1933.</subfield>
        </datafield>
        <datafield tag="245" ind1="1" ind2="0">
            <subfield code="a">Comedia modernă. Edit̡ia a v-a ... In românes̡te de Henriette Yvonne Stahl.</subfield>
            <subfield code="p">3. Cîntecul lebedei. pp. 336.</subfield>
        </datafield>
        <datafield tag="336" ind1=" " ind2=" ">
            <subfield code="a">text</subfield>
            <subfield code="2">rdacontent</subfield>
        </datafield>
        <datafield tag="337" ind1=" " ind2=" ">
            <subfield code="a">unmediated</subfield>
            <subfield code="2">rdamedia</subfield>
        </datafield>
        <datafield tag="338" ind1=" " ind2=" ">
            <subfield code="a">volume</subfield>
            <subfield code="2">rdacarrier</subfield>
        </datafield>
        <datafield tag="580" ind1=" " ind2=" ">
            <subfield code="a">Part of: Comedia modernă. Edit̡ia a v-a ... In românes̡te de Henriette Yvonne Stahl.</subfield>
        </datafield>
        <datafield tag="787" ind1="0" ind2=" ">
            <subfield code="w">(Uk)MP1.0001430008</subfield>
        </datafield>
    </record>