
    <record>
        <leader>00859naa a22002173  4500</leader>
        <controlfield tag="001">001356795</controlfield>
        <controlfield tag="003">Uk integrated</controlfield>
        <controlfield tag="005">20220128184535.0</controlfield>
        <controlfield tag="008">010119||||||||||||    ||     ||| ||rum  </controlfield>
        <datafield tag="019" ind1="x" ind2=" ">
            <subfield code="a">1191630226</subfield>
        </datafield>
        <datafield tag="041" ind1="1" ind2=" ">
            <subfield code="a">rum</subfield>
            <subfield code="h">eng</subfield>
        </datafield>
        <datafield tag="100" ind1="1" ind2=" ">
            <subfield code="a">Galsworthy, John,</subfield>
            <subfield code="d">1867-1933.</subfield>
        </datafield>
        <datafield tag="245" ind1="1" ind2="0">
            <subfield code="a">Forsyte Saga. Edit̡ia a v-a ... În românes̡te de Henriette Yvonne Stahl.</subfield>
            <subfield code="p">2. Vara tîrzie a unui Forsyte. Încătus̡at̡i de lege, etc. pp. 366.</subfield>
        </datafield>
        <datafield tag="336" ind1=" " ind2=" ">
            <subfield code="a">text</subfield>
            <subfield code="2">rdacontent</subfield>
        </datafield>
        <datafield tag="337" ind1=" " ind2=" ">
            <subfield code="a">unmediated</subfield>
            <subfield code="2">rdamedia</subfield>
        </datafield>
        <datafield tag="338" ind1=" " ind2=" ">
            <subfield code="a">volume</subfield>
            <subfield code="2">rdacarrier</subfield>
        </datafield>
        <datafield tag="580" ind1=" " ind2=" ">
            <subfield code="a">Part of: Forsyte Saga. Edit̡ia a v-a ... În românes̡te de Henriette Yvonne Stahl.</subfield>
        </datafield>
        <datafield tag="787" ind1="0" ind2=" ">
            <subfield code="w">(Uk)MP1.0001430007</subfield>
        </datafield>
    </record>