
    <record>
        <leader>01533nam a22003253  4500</leader>
        <controlfield tag="001">001356793</controlfield>
        <controlfield tag="003">Uk integrated</controlfield>
        <controlfield tag="005">20190524181227.0</controlfield>
        <controlfield tag="008">010119|1972|||||||    ||     ||| ||rum  </controlfield>
        <datafield tag="019" ind1="x" ind2=" ">
            <subfield code="a">1191630226</subfield>
        </datafield>
        <datafield tag="100" ind1="1" ind2=" ">
            <subfield code="a">Galsworthy, John,</subfield>
            <subfield code="d">1867-1933.</subfield>
        </datafield>
        <datafield tag="240" ind1="1" ind2="0">
            <subfield code="a">The Forsyte Saga</subfield>
        </datafield>
        <datafield tag="245" ind1="1" ind2="0">
            <subfield code="a">Forsyte Saga. Edit̡ia a v-a ... În românes̡te de Henriette Yvonne Stahl.</subfield>
        </datafield>
        <datafield tag="260" ind1=" " ind2=" ">
            <subfield code="a">[Bucharest] :</subfield>
            <subfield code="b">Editura Cartea românească,</subfield>
            <subfield code="c">1972.</subfield>
        </datafield>
        <datafield tag="300" ind1=" " ind2=" ">
            <subfield code="a">3 vol. ;</subfield>
            <subfield code="c">20 cm.</subfield>
        </datafield>
        <datafield tag="336" ind1=" " ind2=" ">
            <subfield code="a">text</subfield>
            <subfield code="2">rdacontent</subfield>
        </datafield>
        <datafield tag="337" ind1=" " ind2=" ">
            <subfield code="a">unmediated</subfield>
            <subfield code="2">rdamedia</subfield>
        </datafield>
        <datafield tag="338" ind1=" " ind2=" ">
            <subfield code="a">volume</subfield>
            <subfield code="2">rdacarrier</subfield>
        </datafield>
        <datafield tag="580" ind1=" " ind2=" ">
            <subfield code="a">Part title: Forsyte Saga. Edit̡ia a v-a ... În românes̡te de Henriette Yvonne Stahl. 1. Proprietarul, etc. pp. 349.</subfield>
        </datafield>
        <datafield tag="580" ind1=" " ind2=" ">
            <subfield code="a">Part title: Forsyte Saga. Edit̡ia a v-a ... În românes̡te de Henriette Yvonne Stahl. 2. Vara tîrzie a unui Forsyte. Încătus̡at̡i de lege, etc. pp. 366.</subfield>
        </datafield>
        <datafield tag="580" ind1=" " ind2=" ">
            <subfield code="a">Part title: Forsyte Saga. Edit̡ia a v-a ... În românes̡te de Henriette Yvonne Stahl. 3. Des̡teptarea. De închiriat, etc. pp. 316.</subfield>
        </datafield>
        <datafield tag="700" ind1="1" ind2=" ">
            <subfield code="a">Galsworthy, John,</subfield>
            <subfield code="d">1867-1933.</subfield>
            <subfield code="t">Smaller Collections.</subfield>
        </datafield>
        <datafield tag="700" ind1="1" ind2=" ">
            <subfield code="a">Stahl, Henriette Yvonne.</subfield>
        </datafield>
        <datafield tag="787" ind1="0" ind2=" ">
            <subfield code="w">(Uk)MP1.0001430007.0.1</subfield>
        </datafield>
        <datafield tag="787" ind1="0" ind2=" ">
            <subfield code="w">(Uk)MP1.0001430007.0.2</subfield>
        </datafield>
        <datafield tag="787" ind1="0" ind2=" ">
            <subfield code="w">(Uk)MP1.0001430007.0.3</subfield>
        </datafield>
    </record>