
    <record>
        <leader>00968naa a22002413  4500</leader>
        <controlfield tag="001">001356791</controlfield>
        <controlfield tag="003">Uk integrated</controlfield>
        <controlfield tag="005">20201002183735.0</controlfield>
        <controlfield tag="008">010119||||||||||||    ||     ||| ||pol  </controlfield>
        <datafield tag="019" ind1="x" ind2=" ">
            <subfield code="a">1191630218</subfield>
        </datafield>
        <datafield tag="041" ind1="1" ind2=" ">
            <subfield code="a">pol</subfield>
            <subfield code="h">eng</subfield>
        </datafield>
        <datafield tag="100" ind1="1" ind2=" ">
            <subfield code="a">Galsworthy, John,</subfield>
            <subfield code="d">1867-1933.</subfield>
        </datafield>
        <datafield tag="245" ind1="1" ind2="0">
            <subfield code="a">Nowoczesna komedia, etc. (Wydanie piąte.).</subfield>
            <subfield code="p">vol. 2. Milczące zaloty. (Tłumaczyła Krystyna Czerwijowska.)-Srebrna łyżka. (Tłumaczył. Tadeusz Jakubowicz.) pp. 308.</subfield>
        </datafield>
        <datafield tag="336" ind1=" " ind2=" ">
            <subfield code="a">text</subfield>
            <subfield code="2">rdacontent</subfield>
        </datafield>
        <datafield tag="337" ind1=" " ind2=" ">
            <subfield code="a">unmediated</subfield>
            <subfield code="2">rdamedia</subfield>
        </datafield>
        <datafield tag="338" ind1=" " ind2=" ">
            <subfield code="a">volume</subfield>
            <subfield code="2">rdacarrier</subfield>
        </datafield>
        <datafield tag="580" ind1=" " ind2=" ">
            <subfield code="a">Part of: Nowoczesna komedia, etc. (Wydanie piąte.)</subfield>
        </datafield>
        <datafield tag="700" ind1="1" ind2=" ">
            <subfield code="a">CZERWIJOWSKA, Krystyna.</subfield>
        </datafield>
        <datafield tag="787" ind1="0" ind2=" ">
            <subfield code="w">(Uk)MP1.0001430006</subfield>
        </datafield>
    </record>