
    <record>
        <leader>01724nam a22003733  4500</leader>
        <controlfield tag="001">001356785</controlfield>
        <controlfield tag="003">Uk integrated</controlfield>
        <controlfield tag="005">20190524181227.0</controlfield>
        <controlfield tag="008">010119|1971|||||||    ||     ||| ||pol  </controlfield>
        <datafield tag="019" ind1="x" ind2=" ">
            <subfield code="a">119163020X</subfield>
        </datafield>
        <datafield tag="100" ind1="1" ind2=" ">
            <subfield code="a">Galsworthy, John,</subfield>
            <subfield code="d">1867-1933.</subfield>
        </datafield>
        <datafield tag="240" ind1="1" ind2="0">
            <subfield code="a">The Forsyte Saga</subfield>
        </datafield>
        <datafield tag="245" ind1="1" ind2="0">
            <subfield code="a">Saga rodu Forsyte'ów. (Wydanie piąte.).</subfield>
        </datafield>
        <datafield tag="260" ind1=" " ind2=" ">
            <subfield code="a">Warszawa :</subfield>
            <subfield code="b">Państwowy Instytut Wydawniczy,</subfield>
            <subfield code="c">1971.</subfield>
        </datafield>
        <datafield tag="300" ind1=" " ind2=" ">
            <subfield code="a">3 vol. ;</subfield>
            <subfield code="c">21 cm.</subfield>
        </datafield>
        <datafield tag="336" ind1=" " ind2=" ">
            <subfield code="a">text</subfield>
            <subfield code="2">rdacontent</subfield>
        </datafield>
        <datafield tag="337" ind1=" " ind2=" ">
            <subfield code="a">unmediated</subfield>
            <subfield code="2">rdamedia</subfield>
        </datafield>
        <datafield tag="338" ind1=" " ind2=" ">
            <subfield code="a">volume</subfield>
            <subfield code="2">rdacarrier</subfield>
        </datafield>
        <datafield tag="580" ind1=" " ind2=" ">
            <subfield code="a">Part title: Saga rodu Forsyte'ów. (Wydanie piąte.) vol. 1. Posiadacz. (Tłumaczyła R. Cetnerszwerowa.) pp. 351.</subfield>
        </datafield>
        <datafield tag="580" ind1=" " ind2=" ">
            <subfield code="a">Part title: Saga rodu Forsyte'ów. (Wydanie piąte.) vol. 2. Babie lato jednego z Forsyte'ów.-W matni. (Tłumaczył Jerzy Bohdan Rychliński.) pp. 349.</subfield>
        </datafield>
        <datafield tag="580" ind1=" " ind2=" ">
            <subfield code="a">Part title: Saga rodu Forsyte'ów. (Wydanie piąte.) vol. 3. Przebudzenie.-Do wynajęcia. (Tłumaczył Józef Birkenmajer.) pp. 315: plate.</subfield>
        </datafield>
        <datafield tag="700" ind1="1" ind2=" ">
            <subfield code="a">Birkenmajer, Józef.</subfield>
        </datafield>
        <datafield tag="700" ind1="1" ind2=" ">
            <subfield code="a">CETNERSZWEROWA, R.</subfield>
        </datafield>
        <datafield tag="700" ind1="1" ind2=" ">
            <subfield code="a">Galsworthy, John,</subfield>
            <subfield code="d">1867-1933.</subfield>
            <subfield code="t">Smaller Collections.</subfield>
        </datafield>
        <datafield tag="700" ind1="1" ind2=" ">
            <subfield code="a">Rychliński, Jerzy Bohdan.</subfield>
        </datafield>
        <datafield tag="787" ind1="0" ind2=" ">
            <subfield code="w">(Uk)MP1.0001430005.0.1</subfield>
        </datafield>
        <datafield tag="787" ind1="0" ind2=" ">
            <subfield code="w">(Uk)MP1.0001430005.0.2</subfield>
        </datafield>
        <datafield tag="787" ind1="0" ind2=" ">
            <subfield code="w">(Uk)MP1.0001430005.0.3</subfield>
        </datafield>
    </record>