
    <record>
        <leader>00859nam a22002533  4500</leader>
        <controlfield tag="001">001356772</controlfield>
        <controlfield tag="003">Uk integrated</controlfield>
        <controlfield tag="005">20200508194304.0</controlfield>
        <controlfield tag="008">010119|1948|||||||    ||     ||| ||pol  </controlfield>
        <datafield tag="019" ind1="x" ind2=" ">
            <subfield code="a">1191630056</subfield>
        </datafield>
        <datafield tag="100" ind1="1" ind2=" ">
            <subfield code="a">Galsworthy, John,</subfield>
            <subfield code="d">1867-1933.</subfield>
        </datafield>
        <datafield tag="240" ind1="1" ind2="0">
            <subfield code="a">The Forsyte Saga</subfield>
        </datafield>
        <datafield tag="245" ind1="1" ind2="0">
            <subfield code="a">Saga rodu Forsytów. (Tłumaczyła R. Centnerszwerowa.).</subfield>
        </datafield>
        <datafield tag="264" ind1=" " ind2="1">
            <subfield code="a">Warszawa,</subfield>
            <subfield code="c">1948-.</subfield>
        </datafield>
        <datafield tag="300" ind1=" " ind2=" ">
            <subfield code="c">(8º)</subfield>
        </datafield>
        <datafield tag="336" ind1=" " ind2=" ">
            <subfield code="a">text</subfield>
            <subfield code="2">rdacontent</subfield>
        </datafield>
        <datafield tag="337" ind1=" " ind2=" ">
            <subfield code="a">unmediated</subfield>
            <subfield code="2">rdamedia</subfield>
        </datafield>
        <datafield tag="338" ind1=" " ind2=" ">
            <subfield code="a">volume</subfield>
            <subfield code="2">rdacarrier</subfield>
        </datafield>
        <datafield tag="700" ind1="1" ind2=" ">
            <subfield code="a">CENTNERSZWEROWA, R.</subfield>
        </datafield>
        <datafield tag="700" ind1="1" ind2=" ">
            <subfield code="a">Galsworthy, John,</subfield>
            <subfield code="d">1867-1933.</subfield>
            <subfield code="t">Smaller Collections.</subfield>
        </datafield>
    </record>