
    <record>
        <leader>01159nam a22003133  4500</leader>
        <controlfield tag="001">001356766</controlfield>
        <controlfield tag="003">Uk integrated</controlfield>
        <controlfield tag="005">20220425124033.0</controlfield>
        <controlfield tag="008">880801|1930||||enk    ||     ||| ||eng  </controlfield>
        <datafield tag="019" ind1="x" ind2=" ">
            <subfield code="a">1191620352</subfield>
        </datafield>
        <datafield tag="100" ind1="1" ind2=" ">
            <subfield code="a">Galsworthy, John,</subfield>
            <subfield code="d">1867-1933,</subfield>
            <subfield code="e">author.</subfield>
        </datafield>
        <datafield tag="245" ind1="1" ind2="4">
            <subfield code="a">The silver box.</subfield>
            <subfield code="b">A comedy in three acts. Joy. A play on the letter "I" in three acts.</subfield>
            <subfield code="c">By John Galsworthy.</subfield>
        </datafield>
        <datafield tag="246" ind1="3" ind2="1">
            <subfield code="a">Joy. A play on the letter "I" in three acts.</subfield>
        </datafield>
        <datafield tag="250" ind1=" " ind2=" ">
            <subfield code="a">The new readers library edition.</subfield>
        </datafield>
        <datafield tag="264" ind1=" " ind2="1">
            <subfield code="a">London :</subfield>
            <subfield code="b">Duckworth, 3 Henrietta Street,</subfield>
            <subfield code="c">[1930]</subfield>
        </datafield>
        <datafield tag="300" ind1=" " ind2=" ">
            <subfield code="a">[4], 89, [1], 94, 15, [1] pages ;</subfield>
            <subfield code="c">17 cm (8º)</subfield>
        </datafield>
        <datafield tag="336" ind1=" " ind2=" ">
            <subfield code="a">text</subfield>
            <subfield code="2">rdacontent</subfield>
        </datafield>
        <datafield tag="337" ind1=" " ind2=" ">
            <subfield code="a">unmediated</subfield>
            <subfield code="2">rdamedia</subfield>
        </datafield>
        <datafield tag="338" ind1=" " ind2=" ">
            <subfield code="a">volume</subfield>
            <subfield code="2">rdacarrier</subfield>
        </datafield>
        <datafield tag="490" ind1="0" ind2=" ">
            <subfield code="a">The New Readers Library.</subfield>
        </datafield>
        <datafield tag="700" ind1="1" ind2=" ">
            <subfield code="a">Collins, John</subfield>
            <subfield code="q">(John F. R.),</subfield>
            <subfield code="e">former owner.</subfield>
            <subfield code="5">Uk</subfield>
        </datafield>
        <datafield tag="710" ind1="2" ind2=" ">
            <subfield code="a">Duckworth (Firm),</subfield>
            <subfield code="e">publisher.</subfield>
        </datafield>
        <datafield tag="710" ind1="2" ind2=" ">
            <subfield code="a">Turnbull &amp; Spears,</subfield>
            <subfield code="e">printer.</subfield>
        </datafield>
        <datafield tag="752" ind1=" " ind2=" ">
            <subfield code="a">Great Britain</subfield>
            <subfield code="b">England</subfield>
            <subfield code="d">London.</subfield>
        </datafield>
    </record>