
    <record>
        <leader>00700nam a22002293  4500</leader>
        <controlfield tag="001">001356765</controlfield>
        <controlfield tag="003">Uk integrated</controlfield>
        <controlfield tag="005">20200508194303.0</controlfield>
        <controlfield tag="008">880801|1929||||enk    ||     ||| ||eng  </controlfield>
        <datafield tag="019" ind1="x" ind2=" ">
            <subfield code="a">1191620344</subfield>
        </datafield>
        <datafield tag="100" ind1="1" ind2=" ">
            <subfield code="a">Galsworthy, John,</subfield>
            <subfield code="d">1867-1933.</subfield>
        </datafield>
        <datafield tag="240" ind1="1" ind2="0">
            <subfield code="a">Smaller Collections</subfield>
        </datafield>
        <datafield tag="245" ind1="1" ind2="4">
            <subfield code="a">The Plays of John Galsworthy.</subfield>
        </datafield>
        <datafield tag="264" ind1=" " ind2="1">
            <subfield code="a">London :</subfield>
            <subfield code="b">Duckworth,</subfield>
            <subfield code="c">1929.</subfield>
        </datafield>
        <datafield tag="300" ind1=" " ind2=" ">
            <subfield code="c">(8º)</subfield>
        </datafield>
        <datafield tag="336" ind1=" " ind2=" ">
            <subfield code="a">text</subfield>
            <subfield code="2">rdacontent</subfield>
        </datafield>
        <datafield tag="337" ind1=" " ind2=" ">
            <subfield code="a">unmediated</subfield>
            <subfield code="2">rdamedia</subfield>
        </datafield>
        <datafield tag="338" ind1=" " ind2=" ">
            <subfield code="a">volume</subfield>
            <subfield code="2">rdacarrier</subfield>
        </datafield>
        <datafield tag="787" ind1="0" ind2=" ">
            <subfield code="t">The Plays of John Galsworthy. F.P.</subfield>
            <subfield code="w">(Uk)MP1.0001429985</subfield>
            <subfield code="d">pp. 1150. Duckworth: London, 1929. 8º.</subfield>
        </datafield>
    </record>