
    <record>
        <leader>01219nam a22002773  4500</leader>
        <controlfield tag="001">001356759</controlfield>
        <controlfield tag="003">Uk integrated</controlfield>
        <controlfield tag="005">20210317170003.0</controlfield>
        <controlfield tag="008">880801s1921    enk    ||     ||| d|eng  </controlfield>
        <datafield tag="019" ind1="x" ind2=" ">
            <subfield code="a">1191620298</subfield>
        </datafield>
        <datafield tag="100" ind1="1" ind2=" ">
            <subfield code="a">Galsworthy, John,</subfield>
            <subfield code="d">1867-1933.</subfield>
        </datafield>
        <datafield tag="240" ind1="1" ind2="0">
            <subfield code="a">Smaller Collections</subfield>
        </datafield>
        <datafield tag="245" ind1="1" ind2="0">
            <subfield code="a">Six Short Plays. (The First and the Last. The Little Man. Hall-marked. Defeat. The Sun. Punch and Go.).</subfield>
        </datafield>
        <datafield tag="264" ind1=" " ind2="1">
            <subfield code="a">London :</subfield>
            <subfield code="b">Duckworth &amp; Co,</subfield>
            <subfield code="c">1921.</subfield>
        </datafield>
        <datafield tag="300" ind1=" " ind2=" ">
            <subfield code="a">142 pages ;</subfield>
            <subfield code="c">(8º)</subfield>
        </datafield>
        <datafield tag="336" ind1=" " ind2=" ">
            <subfield code="a">text</subfield>
            <subfield code="2">rdacontent</subfield>
        </datafield>
        <datafield tag="337" ind1=" " ind2=" ">
            <subfield code="a">unmediated</subfield>
            <subfield code="2">rdamedia</subfield>
        </datafield>
        <datafield tag="338" ind1=" " ind2=" ">
            <subfield code="a">volume</subfield>
            <subfield code="2">rdacarrier</subfield>
        </datafield>
    </record>