
    <record>
        <leader>01461nam a22002293  4500</leader>
        <controlfield tag="001">001114771</controlfield>
        <controlfield tag="003">Uk integrated</controlfield>
        <controlfield tag="005">20200508190422.0</controlfield>
        <controlfield tag="008">880629|1918||||enk    ||    o||| ||eng  </controlfield>
        <datafield tag="019" ind1="x" ind2=" ">
            <subfield code="a">0982730071</subfield>
        </datafield>
        <datafield tag="110" ind1="1" ind2=" ">
            <subfield code="a">Great Britain.</subfield>
            <subfield code="b">Ministry of Pensions.</subfield>
        </datafield>
        <datafield tag="240" ind1="1" ind2="0">
            <subfield code="a">The Inter-Allied Conference on the After-Care of Disabled Men. Second annual meeting. Held in London, May 20th to 25th, 1918. Reports presented to the Conference. (Editor, John Galsworthy.)</subfield>
        </datafield>
        <datafield tag="245" ind1="1" ind2="0">
            <subfield code="a">Supplement to Volume of Reports. Containing verbatim reports of the discussions, together with some papers presented to the Conference, but not included in the volume of reports.</subfield>
        </datafield>
        <datafield tag="264" ind1=" " ind2="1">
            <subfield code="a">London,</subfield>
            <subfield code="c">1918.</subfield>
        </datafield>
        <datafield tag="300" ind1=" " ind2=" ">
            <subfield code="a">192 pages ;</subfield>
            <subfield code="c">(8º)</subfield>
        </datafield>
        <datafield tag="336" ind1=" " ind2=" ">
            <subfield code="a">text</subfield>
            <subfield code="2">rdacontent</subfield>
        </datafield>
        <datafield tag="337" ind1=" " ind2=" ">
            <subfield code="a">unmediated</subfield>
            <subfield code="2">rdamedia</subfield>
        </datafield>
        <datafield tag="338" ind1=" " ind2=" ">
            <subfield code="a">volume</subfield>
            <subfield code="2">rdacarrier</subfield>
        </datafield>
        <datafield tag="711" ind1="2" ind2=" ">
            <subfield code="a">Inter-Allied Conference on the After-Care of Disabled Men.</subfield>
            <subfield code="t">The Inter-Allied Conference on the After-Care of Disabled Men. Second annual meeting. Held in London, May 20th to 25th, 1918. Reports presented to the Conference. (Editor, John Galsworthy.)</subfield>
        </datafield>
    </record>