
    <record>
        <leader>01164nam a22002893  4500</leader>
        <controlfield tag="001">000826243</controlfield>
        <controlfield tag="003">Uk integrated</controlfield>
        <controlfield tag="005">20200501193637.0</controlfield>
        <controlfield tag="008">880328|1930||||xxu    ||     ||| ||eng  </controlfield>
        <datafield tag="019" ind1="x" ind2=" ">
            <subfield code="a">0732340152</subfield>
        </datafield>
        <datafield tag="100" ind1="1" ind2=" ">
            <subfield code="a">CROSS, Wilbur Lucius.</subfield>
        </datafield>
        <datafield tag="245" ind1="1" ind2="0">
            <subfield code="a">Four Contemporary Novelists. (Joseph Conrad. Arnold Bennett. John Galsworthy. Herbert George Wells.).</subfield>
        </datafield>
        <datafield tag="264" ind1=" " ind2="1">
            <subfield code="a">New York :</subfield>
            <subfield code="b">Macmillan Co,</subfield>
            <subfield code="c">1930.</subfield>
        </datafield>
        <datafield tag="300" ind1=" " ind2=" ">
            <subfield code="a">204 pages ;</subfield>
            <subfield code="c">(8º)</subfield>
        </datafield>
        <datafield tag="336" ind1=" " ind2=" ">
            <subfield code="a">text</subfield>
            <subfield code="2">rdacontent</subfield>
        </datafield>
        <datafield tag="337" ind1=" " ind2=" ">
            <subfield code="a">unmediated</subfield>
            <subfield code="2">rdamedia</subfield>
        </datafield>
        <datafield tag="338" ind1=" " ind2=" ">
            <subfield code="a">volume</subfield>
            <subfield code="2">rdacarrier</subfield>
        </datafield>
        <datafield tag="700" ind1="1" ind2=" ">
            <subfield code="a">Bennett, Arnold,</subfield>
            <subfield code="d">1867-1931.</subfield>
            <subfield code="t">Appendix.</subfield>
        </datafield>
        <datafield tag="700" ind1="1" ind2=" ">
            <subfield code="a">Conrad, Joseph,</subfield>
            <subfield code="d">1857-1924.</subfield>
            <subfield code="t">Appendix.</subfield>
        </datafield>
        <datafield tag="700" ind1="1" ind2=" ">
            <subfield code="a">Galsworthy, John,</subfield>
            <subfield code="d">1867-1933.</subfield>
        </datafield>
        <datafield tag="700" ind1="1" ind2=" ">
            <subfield code="a">Wells, H. G.</subfield>
            <subfield code="q">(Herbert George),</subfield>
            <subfield code="d">1866-1946.</subfield>
            <subfield code="t">Appendix.</subfield>
        </datafield>
    </record>