
    <record>
        <leader>01344nam a22002893  4500</leader>
        <controlfield tag="001">000766220</controlfield>
        <controlfield tag="003">Uk integrated</controlfield>
        <controlfield tag="005">20220128182305.0</controlfield>
        <controlfield tag="008">880330s1924    enk    ||     ||| d|eng  </controlfield>
        <datafield tag="019" ind1="x" ind2=" ">
            <subfield code="a">0681620048</subfield>
        </datafield>
        <datafield tag="100" ind1="1" ind2=" ">
            <subfield code="a">Conrad, Joseph,</subfield>
            <subfield code="d">1857-1924.</subfield>
        </datafield>
        <datafield tag="240" ind1="1" ind2="0">
            <subfield code="a">Two or more Works</subfield>
        </datafield>
        <datafield tag="245" ind1="1" ind2="0">
            <subfield code="a">Laughing Anne &amp; One Day More. Two plays ... With an introduction by John Galsworthy.</subfield>
        </datafield>
        <datafield tag="264" ind1=" " ind2="1">
            <subfield code="a">London :</subfield>
            <subfield code="b">John Castle,</subfield>
            <subfield code="c">1924.</subfield>
        </datafield>
        <datafield tag="300" ind1=" " ind2=" ">
            <subfield code="a">127 pages ;</subfield>
            <subfield code="c">(8º)</subfield>
        </datafield>
        <datafield tag="336" ind1=" " ind2=" ">
            <subfield code="a">text</subfield>
            <subfield code="2">rdacontent</subfield>
        </datafield>
        <datafield tag="337" ind1=" " ind2=" ">
            <subfield code="a">unmediated</subfield>
            <subfield code="2">rdamedia</subfield>
        </datafield>
        <datafield tag="338" ind1=" " ind2=" ">
            <subfield code="a">volume</subfield>
            <subfield code="2">rdacarrier</subfield>
        </datafield>
        <datafield tag="700" ind1="1" ind2=" ">
            <subfield code="a">Galsworthy, John,</subfield>
            <subfield code="d">1867-1933.</subfield>
        </datafield>
    </record>