
    <record>
        <leader>01173nam a22002773  4500</leader>
        <controlfield tag="001">000681609</controlfield>
        <controlfield tag="003">Uk integrated</controlfield>
        <controlfield tag="005">20200501190828.0</controlfield>
        <controlfield tag="008">880301|1921|||||||    ||     ||| ||fre  </controlfield>
        <datafield tag="019" ind1="x" ind2=" ">
            <subfield code="a">0603870236</subfield>
        </datafield>
        <datafield tag="100" ind1="1" ind2=" ">
            <subfield code="a">Chevrillon, André,</subfield>
            <subfield code="d">1864-1957.</subfield>
        </datafield>
        <datafield tag="245" ind1="1" ind2="0">
            <subfield code="a">Trois études de littérature anglaise. La poésie de Rudyard Kipling. John Galsworthy. Shakespeare et l'âme anglaise.</subfield>
        </datafield>
        <datafield tag="264" ind1=" " ind2="1">
            <subfield code="a">Paris,</subfield>
            <subfield code="c">1921.</subfield>
        </datafield>
        <datafield tag="300" ind1=" " ind2=" ">
            <subfield code="a">292 pages ;</subfield>
            <subfield code="c">(8º)</subfield>
        </datafield>
        <datafield tag="336" ind1=" " ind2=" ">
            <subfield code="a">text</subfield>
            <subfield code="2">rdacontent</subfield>
        </datafield>
        <datafield tag="337" ind1=" " ind2=" ">
            <subfield code="a">unmediated</subfield>
            <subfield code="2">rdamedia</subfield>
        </datafield>
        <datafield tag="338" ind1=" " ind2=" ">
            <subfield code="a">volume</subfield>
            <subfield code="2">rdacarrier</subfield>
        </datafield>
        <datafield tag="700" ind1="1" ind2=" ">
            <subfield code="a">Galsworthy, John,</subfield>
            <subfield code="d">1867-1933.</subfield>
        </datafield>
        <datafield tag="700" ind1="1" ind2=" ">
            <subfield code="a">Kipling, Rudyard,</subfield>
            <subfield code="d">1865-1936.</subfield>
            <subfield code="t">Appendix.</subfield>
        </datafield>
        <datafield tag="700" ind1="1" ind2=" ">
            <subfield code="a">Shakespeare, William,</subfield>
            <subfield code="d">1564-1616.</subfield>
            <subfield code="t">Appendix. Criticism.</subfield>
        </datafield>
    </record>