
    <record>
        <leader>00845nam a22002533  4500</leader>
        <controlfield tag="001">000358492</controlfield>
        <controlfield tag="003">Uk integrated</controlfield>
        <controlfield tag="005">20200424192937.0</controlfield>
        <controlfield tag="008">880225|1967|||||||    ||     ||| ||eng  </controlfield>
        <datafield tag="019" ind1="x" ind2=" ">
            <subfield code="a">0330970194</subfield>
        </datafield>
        <datafield tag="110" ind1="2" ind2="0">
            <subfield code="a">University of Birmingham.</subfield>
            <subfield code="b">Library.</subfield>
        </datafield>
        <datafield tag="245" ind1="1" ind2="0">
            <subfield code="a">John Galsworth: catalogue of the collection. (Compiled by D. W. Evans.).</subfield>
        </datafield>
        <datafield tag="264" ind1=" " ind2="1">
            <subfield code="a">Birmingham,</subfield>
            <subfield code="c">1967.</subfield>
        </datafield>
        <datafield tag="300" ind1=" " ind2=" ">
            <subfield code="a">88 pages ;</subfield>
            <subfield code="c">(8º)</subfield>
        </datafield>
        <datafield tag="336" ind1=" " ind2=" ">
            <subfield code="a">text</subfield>
            <subfield code="2">rdacontent</subfield>
        </datafield>
        <datafield tag="337" ind1=" " ind2=" ">
            <subfield code="a">unmediated</subfield>
            <subfield code="2">rdamedia</subfield>
        </datafield>
        <datafield tag="338" ind1=" " ind2=" ">
            <subfield code="a">volume</subfield>
            <subfield code="2">rdacarrier</subfield>
        </datafield>
        <datafield tag="500" ind1=" " ind2=" ">
            <subfield code="a">Reproduced from typewriting.</subfield>
        </datafield>
        <datafield tag="700" ind1="1" ind2=" ">
            <subfield code="a">EVANS, David Wyn.</subfield>
        </datafield>
        <datafield tag="700" ind1="1" ind2=" ">
            <subfield code="a">Galsworthy, John,</subfield>
            <subfield code="d">1867-1933.</subfield>
        </datafield>
    </record>