
    <record>
        <leader>00682cam a2200229 c 4500</leader>
        <controlfield tag="001">990109391304702202</controlfield>
        <controlfield tag="003">bibsys</controlfield>
        <controlfield tag="005">20010601133828.0</controlfield>
        <controlfield tag="007">ta</controlfield>
        <controlfield tag="008">010601s1975    xx#|||||||||||000|u|eng|d</controlfield>
        <datafield tag="100" ind1="1" ind2=" ">
            <subfield code="a">Chilton, Irma</subfield>
            <subfield code="0">(NO-TrBIB)90091487</subfield>
        </datafield>
        <datafield tag="245" ind1="1" ind2="0">
            <subfield code="a">Luck</subfield>
            <subfield code="c">Irma Chilton ; illustrations Gay John Galsworthy</subfield>
        </datafield>
        <datafield tag="260" ind1=" " ind2=" ">
            <subfield code="a">London</subfield>
            <subfield code="b">Cassell</subfield>
            <subfield code="c">c1975</subfield>
        </datafield>
        <datafield tag="300" ind1=" " ind2=" ">
            <subfield code="a">15 s.</subfield>
            <subfield code="b">ill.</subfield>
        </datafield>
        <datafield tag="490" ind1="1" ind2=" ">
            <subfield code="a">Cassell Club Books</subfield>
        </datafield>
        <datafield tag="700" ind1="1" ind2=" ">
            <subfield code="a">Galsworthy, Gay John</subfield>
            <subfield code="0">(NO-TrBIB)1033697</subfield>
        </datafield>
        <datafield tag="830" ind1=" " ind2="0">
            <subfield code="a">Cassell Club Books</subfield>
        </datafield>
    </record>