
    <record>
        <leader>00562cam a22001937c 4500</leader>
        <controlfield tag="001">990122705554702202</controlfield>
        <controlfield tag="003">bibsys</controlfield>
        <controlfield tag="005">20011213131707.0</controlfield>
        <controlfield tag="007">ta</controlfield>
        <controlfield tag="008">011213s1951    xx#|||||||||||000|u|eng|d</controlfield>
        <datafield tag="100" ind1="1" ind2=" ">
            <subfield code="a">Galsworthy, John</subfield>
            <subfield code="d">1867-1933</subfield>
            <subfield code="0">(NO-TrBIB)90068192</subfield>
        </datafield>
        <datafield tag="245" ind1="1" ind2="4">
            <subfield code="a">The Forsyte saga</subfield>
            <subfield code="c">by John Galsworthy</subfield>
        </datafield>
        <datafield tag="260" ind1=" " ind2=" ">
            <subfield code="a">London</subfield>
            <subfield code="b">William Heinemann</subfield>
            <subfield code="c">1951</subfield>
        </datafield>
        <datafield tag="300" ind1=" " ind2=" ">
            <subfield code="a">XIV, 1042 s.</subfield>
        </datafield>
    </record>