
    <record>
        <leader>01529caa a2200577 c 4500</leader>
        <controlfield tag="001">990299837624702202</controlfield>
        <controlfield tag="003">bibsys</controlfield>
        <controlfield tag="005">20230714113055.0</controlfield>
        <controlfield tag="007">ta</controlfield>
        <controlfield tag="008">130806s1929    no ||||e||||||000|0|eng|c</controlfield>
        <datafield tag="100" ind1="1" ind2=" ">
            <subfield code="a">Galsworthy, John</subfield>
            <subfield code="d">1867-1933</subfield>
            <subfield code="0">(NO-TrBIB)90068192</subfield>
            <subfield code="4">aut</subfield>
        </datafield>
        <datafield tag="245" ind1="1" ind2="1">
            <subfield code="a">[Hamsun 70 år]</subfield>
            <subfield code="c">John Galsworthy</subfield>
        </datafield>
        <datafield tag="260" ind1=" " ind2=" ">
            <subfield code="c">1929</subfield>
        </datafield>
        <datafield tag="300" ind1=" " ind2=" ">
            <subfield code="a">S. 67</subfield>
        </datafield>
        <datafield tag="500" ind1=" " ind2=" ">
            <subfield code="a">Tittel laget av katalogisator</subfield>
        </datafield>
        <datafield tag="600" ind1="1" ind2="7">
            <subfield code="a">Hamsun, Knut</subfield>
            <subfield code="d">1859-1952</subfield>
            <subfield code="0">(NO-TrBIB)90052521</subfield>
            <subfield code="2">bare</subfield>
        </datafield>
        <datafield tag="773" ind1="0" ind2=" ">
            <subfield code="t">Knut Hamsun</subfield>
            <subfield code="d">[Oslo] : Gyldendal, [1929]</subfield>
            <subfield code="w">998320075284702201</subfield>
        </datafield>
    </record>