
    <record>
        <leader>01466cam a2200409 c 4500</leader>
        <controlfield tag="001">990313350984702202</controlfield>
        <controlfield tag="003">bibsys</controlfield>
        <controlfield tag="005">20230302110843.0</controlfield>
        <controlfield tag="007">ta</controlfield>
        <controlfield tag="008">110204s1943    no#|||||||||||000|u|eng| </controlfield>
        <datafield tag="020" ind1=" " ind2=" ">
            <subfield code="c">Nkr 1.00</subfield>
        </datafield>
        <datafield tag="100" ind1="1" ind2=" ">
            <subfield code="a">Galsworthy, John</subfield>
            <subfield code="d">1867-1933</subfield>
            <subfield code="0">(NO-TrBIB)90068192</subfield>
        </datafield>
        <datafield tag="245" ind1="1" ind2="0">
            <subfield code="a">Justice</subfield>
        </datafield>
        <datafield tag="260" ind1=" " ind2=" ">
            <subfield code="a">Oslo</subfield>
            <subfield code="b">Universitetets studentkontor</subfield>
            <subfield code="c">1943</subfield>
        </datafield>
        <datafield tag="300" ind1=" " ind2=" ">
            <subfield code="a">55 bl.</subfield>
            <subfield code="c">4°</subfield>
        </datafield>
        <datafield tag="500" ind1=" " ind2=" ">
            <subfield code="a">Stensilert</subfield>
        </datafield>
    </record>