
    <record>
        <leader>00841cam a22002657c 4500</leader>
        <controlfield tag="001">990404143704702202</controlfield>
        <controlfield tag="003">bibsys</controlfield>
        <controlfield tag="005">20040217144626.0</controlfield>
        <controlfield tag="007">ta</controlfield>
        <controlfield tag="008">040217m19331936xx#|||||||||||000|u|nob| </controlfield>
        <datafield tag="100" ind1="1" ind2=" ">
            <subfield code="a">Galsworthy, John</subfield>
            <subfield code="d">1867-1933</subfield>
            <subfield code="0">(NO-TrBIB)90068192</subfield>
        </datafield>
        <datafield tag="245" ind1="1" ind2="0">
            <subfield code="a">Forsytesagaen</subfield>
            <subfield code="c">John Galsworthy</subfield>
        </datafield>
        <datafield tag="260" ind1=" " ind2=" ">
            <subfield code="a">Oslo</subfield>
            <subfield code="b">Gyldendal</subfield>
            <subfield code="c">1933-1936</subfield>
        </datafield>
        <datafield tag="300" ind1=" " ind2=" ">
            <subfield code="a">10 b.</subfield>
        </datafield>
    </record>