
    <record>
        <leader>03321cam a2200661 c 4500</leader>
        <controlfield tag="001">991008537814702202</controlfield>
        <controlfield tag="003">bibsys</controlfield>
        <controlfield tag="005">20230531184601.0</controlfield>
        <controlfield tag="007">ta</controlfield>
        <controlfield tag="008">150605s2010    xx#|||||||||||000|d|eng| </controlfield>
        <datafield tag="020" ind1=" " ind2=" ">
            <subfield code="a">9781408128435</subfield>
            <subfield code="q">h.</subfield>
        </datafield>
        <datafield tag="041" ind1="1" ind2=" ">
            <subfield code="h">mul</subfield>
        </datafield>
        <datafield tag="082" ind1="7" ind2="4">
            <subfield code="a">808.82</subfield>
            <subfield code="q">NO-OsNB</subfield>
            <subfield code="2">5/nor</subfield>
        </datafield>
        <datafield tag="245" ind1="0" ind2="4">
            <subfield code="a">The Methuen drama book of naturalist plays</subfield>
            <subfield code="c">edited and with an introduction by Chris Megson</subfield>
        </datafield>
        <datafield tag="260" ind1=" " ind2=" ">
            <subfield code="a">London</subfield>
            <subfield code="b">Methuen Drama</subfield>
            <subfield code="c">2010</subfield>
        </datafield>
        <datafield tag="300" ind1=" " ind2=" ">
            <subfield code="a">XXI, 454 s.</subfield>
        </datafield>
        <datafield tag="505" ind1="0" ind2=" ">
            <subfield code="a">A doll's house / Henrik Ibsen ; translated by Michael Meyer. Miss Julie / August Strindberg ; translated by Michael Meyer. The weavers / Gerhart Hauptmann ; translated by Frank Marcus. Mrs Warren's profession / Bernard Shaw. Three sisters / Anton Chekhov ; translated by Michael Frayn. Strife / John Galsworthy</subfield>
        </datafield>
        <datafield tag="700" ind1="1" ind2=" ">
            <subfield code="a">Megson, Chris</subfield>
            <subfield code="e">red.</subfield>
            <subfield code="0">(NO-TrBIB)10013701</subfield>
        </datafield>
        <datafield tag="700" ind1="1" ind2="2">
            <subfield code="a">Čechov, A.P.</subfield>
            <subfield code="d">1860-1904</subfield>
            <subfield code="q">(Anton Pavlovič)</subfield>
            <subfield code="t">Three sisters</subfield>
            <subfield code="0">(NO-TrBIB)90733091</subfield>
        </datafield>
        <datafield tag="700" ind1="1" ind2="2">
            <subfield code="a">Čechov, A.P.</subfield>
            <subfield code="d">1860-1904</subfield>
            <subfield code="q">(Anton Pavlovič)</subfield>
            <subfield code="t">Tri sestry</subfield>
            <subfield code="0">(NO-TrBIB)90733091</subfield>
        </datafield>
        <datafield tag="700" ind1="1" ind2="2">
            <subfield code="a">Galsworthy, John</subfield>
            <subfield code="d">1867-1933</subfield>
            <subfield code="t">Strife</subfield>
            <subfield code="0">(NO-TrBIB)90068192</subfield>
        </datafield>
        <datafield tag="700" ind1="1" ind2="2">
            <subfield code="a">Hauptmann, Gerhart</subfield>
            <subfield code="d">1862-1946</subfield>
            <subfield code="t">Die Weber</subfield>
            <subfield code="0">(NO-TrBIB)90054668</subfield>
        </datafield>
        <datafield tag="700" ind1="1" ind2="2">
            <subfield code="a">Hauptmann, Gerhart</subfield>
            <subfield code="d">1862-1946</subfield>
            <subfield code="t">The weavers</subfield>
            <subfield code="0">(NO-TrBIB)90054668</subfield>
        </datafield>
        <datafield tag="700" ind1="1" ind2="2">
            <subfield code="a">Ibsen, Henrik</subfield>
            <subfield code="d">1828-1906</subfield>
            <subfield code="t">A doll's house</subfield>
            <subfield code="0">(NO-TrBIB)90061718</subfield>
        </datafield>
        <datafield tag="700" ind1="1" ind2="2">
            <subfield code="a">Ibsen, Henrik</subfield>
            <subfield code="d">1828-1906</subfield>
            <subfield code="t">Et dukkehjem</subfield>
            <subfield code="0">(NO-TrBIB)90061718</subfield>
        </datafield>
        <datafield tag="700" ind1="1" ind2="2">
            <subfield code="a">Shaw, Bernard</subfield>
            <subfield code="d">1856-1950</subfield>
            <subfield code="t">Mrs Warren's profession</subfield>
            <subfield code="0">(NO-TrBIB)90061622</subfield>
        </datafield>
        <datafield tag="700" ind1="1" ind2="2">
            <subfield code="a">Strindberg, August</subfield>
            <subfield code="d">1849-1912</subfield>
            <subfield code="t">Fröken Julie</subfield>
            <subfield code="0">(NO-TrBIB)90059725</subfield>
        </datafield>
        <datafield tag="700" ind1="1" ind2="2">
            <subfield code="a">Strindberg, August</subfield>
            <subfield code="d">1849-1912</subfield>
            <subfield code="t">Miss Julie</subfield>
            <subfield code="0">(NO-TrBIB)90059725</subfield>
        </datafield>
    </record>