
    <record>
        <leader>00649cam a22002057c 4500</leader>
        <controlfield tag="001">991010701524702202</controlfield>
        <controlfield tag="003">bibsys</controlfield>
        <controlfield tag="005">20100512131000.0</controlfield>
        <controlfield tag="007">ta</controlfield>
        <controlfield tag="008">100512s1934    xx#|||||||||||000|u|swe| </controlfield>
        <datafield tag="100" ind1="1" ind2=" ">
            <subfield code="a">Galsworthy, John</subfield>
            <subfield code="d">1867-1933</subfield>
            <subfield code="0">(NO-TrBIB)90068192</subfield>
        </datafield>
        <datafield tag="245" ind1="1" ind2="0">
            <subfield code="a">Broderskap :</subfield>
            <subfield code="b">en konstnärsroman från London</subfield>
            <subfield code="c">till svenska av Ernst C:son Bredberg</subfield>
        </datafield>
        <datafield tag="246" ind1="1" ind2=" ">
            <subfield code="a">Fraternity</subfield>
            <subfield code="i">Originaltittel</subfield>
        </datafield>
        <datafield tag="260" ind1=" " ind2=" ">
            <subfield code="a">Stockholm</subfield>
            <subfield code="b">Saxon &amp; Lindström</subfield>
            <subfield code="c">1934</subfield>
        </datafield>
        <datafield tag="300" ind1=" " ind2=" ">
            <subfield code="a">319 s.</subfield>
        </datafield>
    </record>