
    <record>
        <leader>00725cam a22002297c 4500</leader>
        <controlfield tag="001">991217059864702202</controlfield>
        <controlfield tag="003">bibsys</controlfield>
        <controlfield tag="005">20120613075939.0</controlfield>
        <controlfield tag="007">ta</controlfield>
        <controlfield tag="008">120613s1933    xx#|||||||||||000|u|swe| </controlfield>
        <datafield tag="100" ind1="1" ind2=" ">
            <subfield code="a">Galsworthy, John</subfield>
            <subfield code="d">1867-1933</subfield>
            <subfield code="0">(NO-TrBIB)90068192</subfield>
        </datafield>
        <datafield tag="245" ind1="1" ind2="4">
            <subfield code="a">Den svarta blomman :</subfield>
            <subfield code="b">roman</subfield>
            <subfield code="c">av John Galsworthy ; till svenska av Sven Hallström</subfield>
        </datafield>
        <datafield tag="246" ind1="1" ind2=" ">
            <subfield code="a">The dark flower</subfield>
            <subfield code="i">Originaltittel</subfield>
        </datafield>
        <datafield tag="260" ind1=" " ind2=" ">
            <subfield code="a">Stockholm</subfield>
            <subfield code="b">Åhlén</subfield>
            <subfield code="c">1933</subfield>
        </datafield>
        <datafield tag="300" ind1=" " ind2=" ">
            <subfield code="a">319 s.</subfield>
        </datafield>
        <datafield tag="490" ind1="1" ind2=" ">
            <subfield code="a">De Sexton böckerna</subfield>
            <subfield code="v">b. 8</subfield>
        </datafield>
        <datafield tag="830" ind1=" " ind2="0">
            <subfield code="a">De Sexton böckerna</subfield>
            <subfield code="v">b. 8</subfield>
        </datafield>
    </record>