
    <record>
        <leader>01844caa a2200649 c 4500</leader>
        <controlfield tag="001">991403393374702202</controlfield>
        <controlfield tag="003">bibsys</controlfield>
        <controlfield tag="005">20230601051554.0</controlfield>
        <controlfield tag="007">ta</controlfield>
        <controlfield tag="008">140718s1968    xx#|||||||||||000|u|nno| </controlfield>
        <datafield tag="100" ind1="1" ind2=" ">
            <subfield code="a">Prøysen, Alf</subfield>
            <subfield code="d">1914-1970</subfield>
            <subfield code="4">aut</subfield>
            <subfield code="0">(NO-TrBIB)90062136</subfield>
        </datafield>
        <datafield tag="245" ind1="1" ind2="0">
            <subfield code="a">Forsyte-sagaen</subfield>
            <subfield code="c">Alf Prøysen ; B. Rud</subfield>
        </datafield>
        <datafield tag="260" ind1=" " ind2=" ">
            <subfield code="c">1968</subfield>
        </datafield>
        <datafield tag="300" ind1=" " ind2=" ">
            <subfield code="a">S. 18</subfield>
            <subfield code="b">ill.</subfield>
        </datafield>
        <datafield tag="500" ind1=" " ind2=" ">
            <subfield code="a">Senere trykt i: Tia og timen : lørdagsstubber 1962-1970 / Alf Prøysen. Oslo : Tiden, 1998</subfield>
        </datafield>
        <datafield tag="700" ind1="1" ind2=" ">
            <subfield code="a">Rud, Borghild</subfield>
            <subfield code="d">1910-1999</subfield>
            <subfield code="4">ill</subfield>
            <subfield code="0">(NO-TrBIB)90088540</subfield>
        </datafield>
        <datafield tag="773" ind1="0" ind2=" ">
            <subfield code="t">Arbeiderbladet (Oslo : 1923-1997 : trykt utg.). </subfield>
            <subfield code="d">Oslo : [s.n.]</subfield>
            <subfield code="g">1968, 24/2</subfield>
            <subfield code="x">0805-3774</subfield>
            <subfield code="w">999300774904702201</subfield>
        </datafield>
    </record>