
    <record>
        <leader>01582cam a2200433 c 4500</leader>
        <controlfield tag="001">998021113864702202</controlfield>
        <controlfield tag="003">bibsys</controlfield>
        <controlfield tag="005">20230310092357.0</controlfield>
        <controlfield tag="007">cr||||||||||||</controlfield>
        <controlfield tag="007">ta</controlfield>
        <controlfield tag="008">150219s1979    xx#||||j |||||000|u|nob|d</controlfield>
        <datafield tag="020" ind1=" " ind2=" ">
            <subfield code="a">8205101736</subfield>
        </datafield>
        <datafield tag="041" ind1="1" ind2=" ">
            <subfield code="h">eng</subfield>
        </datafield>
        <datafield tag="100" ind1="1" ind2=" ">
            <subfield code="a">Cliffe, D. A.</subfield>
            <subfield code="0">(NO-TrBIB)90091633</subfield>
        </datafield>
        <datafield tag="245" ind1="1" ind2="0">
            <subfield code="a">Gutten som ikke var der :</subfield>
            <subfield code="b">[bokmål]</subfield>
            <subfield code="c">D. A. Cliffe ; oversatt av Hilde Traavik</subfield>
        </datafield>
        <datafield tag="260" ind1=" " ind2=" ">
            <subfield code="a">Oslo</subfield>
            <subfield code="b">Gyldendal</subfield>
            <subfield code="c">1979</subfield>
        </datafield>
        <datafield tag="300" ind1=" " ind2=" ">
            <subfield code="a">32 s.</subfield>
            <subfield code="b">ill.</subfield>
        </datafield>
        <datafield tag="490" ind1="0" ind2=" ">
            <subfield code="a">Gyldendals småbokserie for mellomtrinnet</subfield>
        </datafield>
        <datafield tag="490" ind1="1" ind2=" ">
            <subfield code="a">Norsk i barneskolen</subfield>
        </datafield>
        <datafield tag="700" ind1="1" ind2=" ">
            <subfield code="a">Galsworthy, Gay John</subfield>
            <subfield code="4">ill</subfield>
            <subfield code="0">(NO-TrBIB)1033697</subfield>
        </datafield>
        <datafield tag="700" ind1="1" ind2=" ">
            <subfield code="a">Traavik, Hilde</subfield>
            <subfield code="d">1949-</subfield>
            <subfield code="4">trl</subfield>
            <subfield code="0">(NO-TrBIB)90532248</subfield>
        </datafield>
        <datafield tag="830" ind1=" " ind2="0">
            <subfield code="a">Norsk i barneskolen</subfield>
        </datafield>
    </record>