
    <record>
        <leader>01268cam a2200373 c 4500</leader>
        <controlfield tag="001">998021115054702202</controlfield>
        <controlfield tag="003">bibsys</controlfield>
        <controlfield tag="005">20150302211848.0</controlfield>
        <controlfield tag="007">ta</controlfield>
        <controlfield tag="008">150302s1979    xx#||||j||||||000|u|und|d</controlfield>
        <datafield tag="020" ind1=" " ind2=" ">
            <subfield code="a">8205101345</subfield>
        </datafield>
        <datafield tag="041" ind1="1" ind2=" ">
            <subfield code="h">eng</subfield>
        </datafield>
        <datafield tag="100" ind1="1" ind2=" ">
            <subfield code="a">Chilton, Irma</subfield>
            <subfield code="0">(NO-TrBIB)90091487</subfield>
        </datafield>
        <datafield tag="245" ind1="1" ind2="0">
            <subfield code="a">Hjelp! :</subfield>
            <subfield code="b">bokmål</subfield>
            <subfield code="c">Irma Chilton ; oversatt av Steinar Sørlle</subfield>
        </datafield>
        <datafield tag="260" ind1=" " ind2=" ">
            <subfield code="a">Oslo</subfield>
            <subfield code="b">Gyldendal</subfield>
            <subfield code="c">1979</subfield>
        </datafield>
        <datafield tag="300" ind1=" " ind2=" ">
            <subfield code="a">16 s.</subfield>
            <subfield code="b">ill.</subfield>
        </datafield>
        <datafield tag="490" ind1="1" ind2=" ">
            <subfield code="a">Norsk i sammenholdte klasser 2. Litteratur og lesetrening</subfield>
        </datafield>
        <datafield tag="700" ind1="1" ind2=" ">
            <subfield code="a">Galsworthy, Gay John</subfield>
            <subfield code="4">ill</subfield>
            <subfield code="0">(NO-TrBIB)1033697</subfield>
        </datafield>
        <datafield tag="700" ind1="1" ind2=" ">
            <subfield code="a">Sørlle, Steinar</subfield>
            <subfield code="d">1942-</subfield>
            <subfield code="4">trl</subfield>
            <subfield code="0">(NO-TrBIB)90084247</subfield>
        </datafield>
        <datafield tag="830" ind1=" " ind2="0">
            <subfield code="a">Norsk i sammenholdte klasser 2. Litteratur og lesetrening</subfield>
        </datafield>
    </record>