
    <record>
        <leader>01682cam a2200433 c 4500</leader>
        <controlfield tag="001">998021115994702202</controlfield>
        <controlfield tag="003">bibsys</controlfield>
        <controlfield tag="005">20230310092404.0</controlfield>
        <controlfield tag="007">cr||||||||||||</controlfield>
        <controlfield tag="007">ta</controlfield>
        <controlfield tag="008">150302s1979    xx#||||j |||||000|f|nob|d</controlfield>
        <datafield tag="020" ind1=" " ind2=" ">
            <subfield code="a">8205101302</subfield>
            <subfield code="q">h.</subfield>
        </datafield>
        <datafield tag="041" ind1="1" ind2=" ">
            <subfield code="h">eng</subfield>
        </datafield>
        <datafield tag="100" ind1="1" ind2=" ">
            <subfield code="a">Tate, Joan</subfield>
            <subfield code="0">(NO-TrBIB)90091455</subfield>
        </datafield>
        <datafield tag="245" ind1="1" ind2="0">
            <subfield code="a">Kråka og den fargede gutten :</subfield>
            <subfield code="b">[bokmål]</subfield>
            <subfield code="c">Joan Tate ; oversatt av Steinar Sørlle</subfield>
        </datafield>
        <datafield tag="246" ind1="1" ind2=" ">
            <subfield code="a">Crow and the brown boy</subfield>
            <subfield code="i">Originaltittel</subfield>
        </datafield>
        <datafield tag="260" ind1=" " ind2=" ">
            <subfield code="a">Oslo</subfield>
            <subfield code="b">Gyldendal</subfield>
            <subfield code="c">1979</subfield>
        </datafield>
        <datafield tag="300" ind1=" " ind2=" ">
            <subfield code="a">55 s.</subfield>
            <subfield code="b">ill.</subfield>
        </datafield>
        <datafield tag="490" ind1="1" ind2=" ">
            <subfield code="a">Norsk i sammenholdte klasser 2. Litteratur og lesetrening</subfield>
        </datafield>
        <datafield tag="700" ind1="1" ind2=" ">
            <subfield code="a">Galsworthy, Gay John</subfield>
            <subfield code="4">ill</subfield>
            <subfield code="0">(NO-TrBIB)1033697</subfield>
        </datafield>
        <datafield tag="700" ind1="1" ind2=" ">
            <subfield code="a">Sørlle, Steinar</subfield>
            <subfield code="d">1942-</subfield>
            <subfield code="4">trl</subfield>
            <subfield code="0">(NO-TrBIB)90084247</subfield>
        </datafield>
        <datafield tag="830" ind1=" " ind2="0">
            <subfield code="a">Norsk i sammenholdte klasser 2. Litteratur og lesetrening</subfield>
        </datafield>
    </record>