
    <record>
        <leader>01018cam a2200289 c 4500</leader>
        <controlfield tag="001">998521071374702202</controlfield>
        <controlfield tag="003">bibsys</controlfield>
        <controlfield tag="005">20230310152606.0</controlfield>
        <controlfield tag="007">cr||||||||||||</controlfield>
        <controlfield tag="007">ta</controlfield>
        <controlfield tag="008">140731s1983    xx#||||| |||||000|u|und|d</controlfield>
        <datafield tag="020" ind1=" " ind2=" ">
            <subfield code="a">8204012578</subfield>
        </datafield>
        <datafield tag="100" ind1="1" ind2=" ">
            <subfield code="a">Galsworthy, John</subfield>
            <subfield code="d">1867-1933</subfield>
            <subfield code="0">(NO-TrBIB)90068192</subfield>
        </datafield>
        <datafield tag="240" ind1="1" ind2="0">
            <subfield code="a">To let</subfield>
            <subfield code="l">Norsk</subfield>
        </datafield>
        <datafield tag="245" ind1="1" ind2="0">
            <subfield code="a">Til leie</subfield>
            <subfield code="c">John Galsworthy ; [oversatt av Alf Harbitz]</subfield>
        </datafield>
        <datafield tag="260" ind1=" " ind2=" ">
            <subfield code="a">[Oslo]</subfield>
            <subfield code="b">Fredhøi</subfield>
            <subfield code="c">[1983]</subfield>
        </datafield>
        <datafield tag="300" ind1=" " ind2=" ">
            <subfield code="a">198 s.</subfield>
        </datafield>
        <datafield tag="490" ind1="0" ind2=" ">
            <subfield code="a">Forsyte-sagaen</subfield>
            <subfield code="v">5</subfield>
        </datafield>
    </record>