
    <record>
        <leader>00787cam a2200229 c 4500</leader>
        <controlfield tag="001">999100005574702202</controlfield>
        <controlfield tag="003">bibsys</controlfield>
        <controlfield tag="005">19971106131804.0</controlfield>
        <controlfield tag="007">ta</controlfield>
        <controlfield tag="008">971106s1928    xx#|||||||||||000|u|eng| </controlfield>
        <datafield tag="100" ind1="1" ind2=" ">
            <subfield code="a">Galsworthy, John</subfield>
            <subfield code="d">1867-1933</subfield>
            <subfield code="0">(NO-TrBIB)90068192</subfield>
        </datafield>
        <datafield tag="245" ind1="1" ind2="0">
            <subfield code="a">Two Forsyte interludes</subfield>
        </datafield>
        <datafield tag="260" ind1=" " ind2=" ">
            <subfield code="a">London</subfield>
            <subfield code="b">Heinemann</subfield>
            <subfield code="c">1928</subfield>
        </datafield>
        <datafield tag="300" ind1=" " ind2=" ">
            <subfield code="a">74 s.</subfield>
        </datafield>
        <datafield tag="500" ind1=" " ind2=" ">
            <subfield code="a">"A Silent wooing is the interlude between The White monkey and The Silver spoon. Passers by is that between The Silver spoon and Swan song" - Forsatsblad</subfield>
        </datafield>
        <datafield tag="505" ind1="0" ind2=" ">
            <subfield code="a">A silent wooing ; Passers by</subfield>
        </datafield>
        <datafield tag="740" ind1="0" ind2=" ">
            <subfield code="a">Passers by</subfield>
        </datafield>
        <datafield tag="740" ind1="2" ind2=" ">
            <subfield code="a">A silent wooing</subfield>
        </datafield>
    </record>