
    <record>
        <leader>02038cam a2200565 c 4500</leader>
        <controlfield tag="001">999217610584702202</controlfield>
        <controlfield tag="003">bibsys</controlfield>
        <controlfield tag="005">20230330101927.0</controlfield>
        <controlfield tag="007">cr||||||||||||</controlfield>
        <controlfield tag="007">ta</controlfield>
        <controlfield tag="008">140527s1973    no#||||j |||||000|0|nob|d</controlfield>
        <datafield tag="020" ind1=" " ind2=" ">
            <subfield code="a">8202028116</subfield>
        </datafield>
        <datafield tag="041" ind1="1" ind2=" ">
            <subfield code="h">eng</subfield>
        </datafield>
        <datafield tag="082" ind1="7" ind2="4">
            <subfield code="a">372.8</subfield>
            <subfield code="q">NO-OsNB</subfield>
            <subfield code="2">3/nor</subfield>
        </datafield>
        <datafield tag="245" ind1="0" ind2="0">
            <subfield code="a">Tid og klokker</subfield>
            <subfield code="c">illustrasjoner G.J. Galsworthy ; seriens redaktør Kjell Nesse ; oversatt av Erik Koritzinsky</subfield>
        </datafield>
        <datafield tag="260" ind1=" " ind2=" ">
            <subfield code="a">Oslo</subfield>
            <subfield code="b">Cappelen</subfield>
            <subfield code="c">[1973]</subfield>
        </datafield>
        <datafield tag="300" ind1=" " ind2=" ">
            <subfield code="a">31 s.</subfield>
        </datafield>
        <datafield tag="490" ind1="1" ind2=" ">
            <subfield code="a">Barnas bibliotek</subfield>
            <subfield code="v">9</subfield>
        </datafield>
        <datafield tag="700" ind1="1" ind2=" ">
            <subfield code="a">Galsworthy, Gay John</subfield>
            <subfield code="4">ill</subfield>
            <subfield code="0">(NO-TrBIB)1033697</subfield>
        </datafield>
        <datafield tag="700" ind1="1" ind2=" ">
            <subfield code="a">Koritzinsky, Erik</subfield>
            <subfield code="d">1933-</subfield>
            <subfield code="4">trl</subfield>
            <subfield code="0">(NO-TrBIB)90391108</subfield>
        </datafield>
        <datafield tag="700" ind1="1" ind2=" ">
            <subfield code="a">Nesse, Kjell</subfield>
            <subfield code="e">red.</subfield>
            <subfield code="4">edt</subfield>
            <subfield code="0">(NO-TrBIB)90596355</subfield>
        </datafield>
        <datafield tag="830" ind1=" " ind2="0">
            <subfield code="a">Barnas bibliotek</subfield>
            <subfield code="v">9</subfield>
        </datafield>
    </record>