
    <record>
        <leader>01311cam a2200349 c 4500</leader>
        <controlfield tag="001">999218589304702202</controlfield>
        <controlfield tag="003">bibsys</controlfield>
        <controlfield tag="005">20230330103309.0</controlfield>
        <controlfield tag="007">ta</controlfield>
        <controlfield tag="008">060313s1941    xx |||||||||||000|1|nob| </controlfield>
        <datafield tag="100" ind1="1" ind2=" ">
            <subfield code="a">Galsworthy, John</subfield>
            <subfield code="d">1867-1933</subfield>
            <subfield code="0">(NO-TrBIB)90068192</subfield>
        </datafield>
        <datafield tag="245" ind1="1" ind2="0">
            <subfield code="a">Ventetid</subfield>
            <subfield code="c">John Galsworthy ; oversatt av Margrethe Kjær</subfield>
        </datafield>
        <datafield tag="246" ind1="1" ind2=" ">
            <subfield code="a">Maid-in-waiting</subfield>
            <subfield code="i">Originaltittel</subfield>
        </datafield>
        <datafield tag="250" ind1=" " ind2=" ">
            <subfield code="a">2. utg.</subfield>
        </datafield>
        <datafield tag="260" ind1=" " ind2=" ">
            <subfield code="a">Oslo</subfield>
            <subfield code="b">Gyldendal</subfield>
            <subfield code="c">1941</subfield>
        </datafield>
        <datafield tag="300" ind1=" " ind2=" ">
            <subfield code="a">352 s.</subfield>
        </datafield>
        <datafield tag="490" ind1="1" ind2=" ">
            <subfield code="a">[Forsyte-sagaen]</subfield>
            <subfield code="v">[8]</subfield>
        </datafield>
        <datafield tag="800" ind1="1" ind2=" ">
            <subfield code="a">Galsworthy, John</subfield>
            <subfield code="t">[Forsyte-sagaen]</subfield>
            <subfield code="v">[8]</subfield>
        </datafield>
    </record>