
    <record>
        <leader>01274cam a2200337 c 4500</leader>
        <controlfield tag="001">999218594574702202</controlfield>
        <controlfield tag="003">bibsys</controlfield>
        <controlfield tag="005">20230330103321.0</controlfield>
        <controlfield tag="007">ta</controlfield>
        <controlfield tag="008">060313s1941    xx#|||||||||||000|u|nob| </controlfield>
        <datafield tag="100" ind1="1" ind2=" ">
            <subfield code="a">Galsworthy, John</subfield>
            <subfield code="d">1867-1933</subfield>
            <subfield code="0">(NO-TrBIB)90068192</subfield>
        </datafield>
        <datafield tag="245" ind1="1" ind2="0">
            <subfield code="a">Over elven</subfield>
            <subfield code="c">John Galsworthy ; oversatt av Margrethe Kjær</subfield>
        </datafield>
        <datafield tag="246" ind1="1" ind2=" ">
            <subfield code="a">Over the river</subfield>
            <subfield code="i">Originaltittel</subfield>
        </datafield>
        <datafield tag="250" ind1=" " ind2=" ">
            <subfield code="a">2. utg.</subfield>
        </datafield>
        <datafield tag="260" ind1=" " ind2=" ">
            <subfield code="a">Oslo</subfield>
            <subfield code="b">Gyldendal</subfield>
            <subfield code="c">1941</subfield>
        </datafield>
        <datafield tag="300" ind1=" " ind2=" ">
            <subfield code="a">321 s.</subfield>
        </datafield>
        <datafield tag="490" ind1="1" ind2=" ">
            <subfield code="a">Forsyte-sagaen</subfield>
            <subfield code="v">10</subfield>
        </datafield>
        <datafield tag="800" ind1="1" ind2=" ">
            <subfield code="a">Galsworthy, John</subfield>
            <subfield code="t">Forsyte-sagaen</subfield>
            <subfield code="v">10</subfield>
        </datafield>
    </record>