
    <record>
        <leader>00577cam a22002057c 4500</leader>
        <controlfield tag="001">999412872544702202</controlfield>
        <controlfield tag="003">bibsys</controlfield>
        <controlfield tag="005">20060914124946.0</controlfield>
        <controlfield tag="007">ta</controlfield>
        <controlfield tag="008">060914s1920    xx#|||||||||||000|u|und|d</controlfield>
        <datafield tag="080" ind1=" " ind2=" ">
            <subfield code="a">820</subfield>
        </datafield>
        <datafield tag="100" ind1="1" ind2=" ">
            <subfield code="a">Galsworthy, John</subfield>
            <subfield code="d">1867-1933</subfield>
            <subfield code="0">(NO-TrBIB)90068192</subfield>
        </datafield>
        <datafield tag="245" ind1="1" ind2="4">
            <subfield code="a">The skin game :</subfield>
            <subfield code="b">a tragi-comedy in three acts</subfield>
        </datafield>
        <datafield tag="260" ind1=" " ind2=" ">
            <subfield code="a">London</subfield>
            <subfield code="b">Duckworth</subfield>
            <subfield code="c">1920</subfield>
        </datafield>
        <datafield tag="300" ind1=" " ind2=" ">
            <subfield code="a">116 s.</subfield>
        </datafield>
    </record>