
    <record>
        <leader>01103cam a2200313 c 4500</leader>
        <controlfield tag="001">999422046974702202</controlfield>
        <controlfield tag="003">bibsys</controlfield>
        <controlfield tag="005">20230331081333.0</controlfield>
        <controlfield tag="007">cr||||||||||||</controlfield>
        <controlfield tag="007">ta</controlfield>
        <controlfield tag="008">100723s1936    xx#||||| |||||000|u|nob| </controlfield>
        <datafield tag="100" ind1="1" ind2=" ">
            <subfield code="a">Galsworthy, John</subfield>
            <subfield code="d">1867-1933</subfield>
            <subfield code="0">(NO-TrBIB)90068192</subfield>
        </datafield>
        <datafield tag="240" ind1="1" ind2="4">
            <subfield code="a">The white monkey</subfield>
            <subfield code="l">Norsk</subfield>
        </datafield>
        <datafield tag="245" ind1="1" ind2="4">
            <subfield code="a">Den hvite ape</subfield>
            <subfield code="c">John Galsworthy ; oversatt av Dorothea Schrøder</subfield>
        </datafield>
        <datafield tag="250" ind1=" " ind2=" ">
            <subfield code="a">2. utg.</subfield>
        </datafield>
        <datafield tag="260" ind1=" " ind2=" ">
            <subfield code="a">Oslo</subfield>
            <subfield code="b">Gyldendal</subfield>
            <subfield code="c">1936</subfield>
        </datafield>
        <datafield tag="300" ind1=" " ind2=" ">
            <subfield code="a">335 s.</subfield>
        </datafield>
        <datafield tag="490" ind1="1" ind2=" ">
            <subfield code="a">Forsyte-sagaen</subfield>
            <subfield code="v">[4]</subfield>
        </datafield>
        <datafield tag="830" ind1=" " ind2="0">
            <subfield code="a">Forsyte-sagaen</subfield>
            <subfield code="v">[4]</subfield>
        </datafield>
    </record>