
    <record>
        <leader>01283cam a2200361 c 4500</leader>
        <controlfield tag="001">999430684444702202</controlfield>
        <controlfield tag="003">bibsys</controlfield>
        <controlfield tag="005">20230331100032.0</controlfield>
        <controlfield tag="007">cr||||||||||||</controlfield>
        <controlfield tag="007">ta</controlfield>
        <controlfield tag="008">121120s1941    xx#||||| |||||000|u|nob| </controlfield>
        <datafield tag="100" ind1="1" ind2=" ">
            <subfield code="a">Galsworthy, John</subfield>
            <subfield code="d">1867-1933</subfield>
            <subfield code="0">(NO-TrBIB)90068192</subfield>
        </datafield>
        <datafield tag="245" ind1="1" ind2="0">
            <subfield code="a">Til leie ; Den hvite ape</subfield>
            <subfield code="c">John Galsworthy ; [Til leie] oversatt av Alf Harbitz ; [Den hvite ape] Dorothea Schrøder</subfield>
        </datafield>
        <datafield tag="250" ind1=" " ind2=" ">
            <subfield code="a">3. utg.</subfield>
        </datafield>
        <datafield tag="260" ind1=" " ind2=" ">
            <subfield code="a">Oslo</subfield>
            <subfield code="b">Gyldendal</subfield>
            <subfield code="c">1941</subfield>
        </datafield>
        <datafield tag="300" ind1=" " ind2=" ">
            <subfield code="a">287, 278 s.</subfield>
        </datafield>
        <datafield tag="490" ind1="1" ind2=" ">
            <subfield code="a">Forsyte-sagaen</subfield>
        </datafield>
        <datafield tag="500" ind1=" " ind2=" ">
            <subfield code="a">Originaltitler: Awakening ; To let ; The white monkey</subfield>
        </datafield>
        <datafield tag="740" ind1="0" ind2=" ">
            <subfield code="a">Awakening</subfield>
        </datafield>
        <datafield tag="740" ind1="0" ind2=" ">
            <subfield code="a">Til leie</subfield>
        </datafield>
        <datafield tag="740" ind1="0" ind2=" ">
            <subfield code="a">To let</subfield>
        </datafield>
        <datafield tag="740" ind1="4" ind2=" ">
            <subfield code="a">Den hvite ape</subfield>
        </datafield>
        <datafield tag="740" ind1="4" ind2=" ">
            <subfield code="a">The white monkey</subfield>
        </datafield>
        <datafield tag="830" ind1=" " ind2="0">
            <subfield code="a">Forsyte-sagaen</subfield>
        </datafield>
    </record>