
    <record>
        <leader>01235cam a2200337 c 4500</leader>
        <controlfield tag="001">999430686304702202</controlfield>
        <controlfield tag="003">bibsys</controlfield>
        <controlfield tag="005">20230331100035.0</controlfield>
        <controlfield tag="007">ta</controlfield>
        <controlfield tag="008">941202s1941    xx#|||||||||||000|u|nob| </controlfield>
        <datafield tag="100" ind1="1" ind2=" ">
            <subfield code="a">Galsworthy, John</subfield>
            <subfield code="d">1867-1933</subfield>
            <subfield code="0">(NO-TrBIB)90068192</subfield>
        </datafield>
        <datafield tag="245" ind1="1" ind2="0">
            <subfield code="a">Sølvskjeen ; Svanesang</subfield>
            <subfield code="c">John Galsworthy ; [Sølvskjeen] oversatt av Aimée Sommerfelt ; [Svanesang] oversatt av Esther Stang</subfield>
        </datafield>
        <datafield tag="250" ind1=" " ind2=" ">
            <subfield code="a">3. utg.</subfield>
        </datafield>
        <datafield tag="260" ind1=" " ind2=" ">
            <subfield code="a">Oslo</subfield>
            <subfield code="b">Gyldendal</subfield>
            <subfield code="c">1941</subfield>
        </datafield>
        <datafield tag="300" ind1=" " ind2=" ">
            <subfield code="a">263, 304 s.</subfield>
        </datafield>
        <datafield tag="490" ind1="1" ind2=" ">
            <subfield code="a">Forsyte-sagaen</subfield>
        </datafield>
        <datafield tag="500" ind1=" " ind2=" ">
            <subfield code="a">Originaltitler; A silent wooing ; Passers by ; Swan song</subfield>
        </datafield>
        <datafield tag="740" ind1="0" ind2=" ">
            <subfield code="a">Passers by</subfield>
        </datafield>
        <datafield tag="740" ind1="0" ind2=" ">
            <subfield code="a">Sølvskjeen</subfield>
        </datafield>
        <datafield tag="740" ind1="0" ind2=" ">
            <subfield code="a">Svanesang</subfield>
        </datafield>
        <datafield tag="740" ind1="0" ind2=" ">
            <subfield code="a">Swan song</subfield>
        </datafield>
        <datafield tag="740" ind1="2" ind2=" ">
            <subfield code="a">A silent wooing</subfield>
        </datafield>
        <datafield tag="830" ind1=" " ind2="0">
            <subfield code="a">Forsyte-sagaen</subfield>
        </datafield>
    </record>