
    <record>
        <leader>01979cam a2200529 c 4500</leader>
        <controlfield tag="001">999525545694702202</controlfield>
        <controlfield tag="003">bibsys</controlfield>
        <controlfield tag="005">20230331151611.0</controlfield>
        <controlfield tag="007">cr||||||||||||</controlfield>
        <controlfield tag="007">ta</controlfield>
        <controlfield tag="008">140703s1951    no#||||| |||||000|u|nob| </controlfield>
        <datafield tag="020" ind1=" " ind2=" ">
            <subfield code="q">skr.</subfield>
            <subfield code="c">Nkr 13.80</subfield>
        </datafield>
        <datafield tag="041" ind1="1" ind2=" ">
            <subfield code="h">eng</subfield>
        </datafield>
        <datafield tag="100" ind1="1" ind2=" ">
            <subfield code="a">Galsworthy, John</subfield>
            <subfield code="d">1867-1933</subfield>
            <subfield code="0">(NO-TrBIB)90068192</subfield>
        </datafield>
        <datafield tag="245" ind1="1" ind2="0">
            <subfield code="a">Kjærlighet over alle grenser</subfield>
            <subfield code="c">John Galsworthy ; [oversatt ... av J. Lauritz Molbech]</subfield>
        </datafield>
        <datafield tag="246" ind1="1" ind2=" ">
            <subfield code="a">Beyond</subfield>
            <subfield code="i">Originaltittel</subfield>
        </datafield>
        <datafield tag="260" ind1=" " ind2=" ">
            <subfield code="a">Oslo</subfield>
            <subfield code="b">Cappelen</subfield>
            <subfield code="c">1951</subfield>
        </datafield>
        <datafield tag="300" ind1=" " ind2=" ">
            <subfield code="a">335 s.</subfield>
        </datafield>
        <datafield tag="500" ind1=" " ind2=" ">
            <subfield code="a">Opplagshistorikk:  2. oppl. 1953</subfield>
        </datafield>
        <datafield tag="700" ind1="1" ind2=" ">
            <subfield code="a">Molbech, J. Lauritz</subfield>
            <subfield code="4">trl</subfield>
        </datafield>
    </record>