
    <record>
        <leader>01814cam a2200517 c 4500</leader>
        <controlfield tag="001">999601968464702202</controlfield>
        <controlfield tag="003">bibsys</controlfield>
        <controlfield tag="005">20230331160503.0</controlfield>
        <controlfield tag="007">cr||||||||||||</controlfield>
        <controlfield tag="007">ta</controlfield>
        <controlfield tag="008">101122s1954    no#||||| |||||000|1|nob| </controlfield>
        <datafield tag="020" ind1=" " ind2=" ">
            <subfield code="c">Nkr 65.00</subfield>
            <subfield code="q">b. 1-10</subfield>
        </datafield>
        <datafield tag="020" ind1=" " ind2=" ">
            <subfield code="q">skr.</subfield>
            <subfield code="c">Nkr 150.00</subfield>
            <subfield code="q">b. 1-10</subfield>
        </datafield>
        <datafield tag="041" ind1="1" ind2=" ">
            <subfield code="h">eng</subfield>
        </datafield>
        <datafield tag="100" ind1="1" ind2=" ">
            <subfield code="a">Galsworthy, John</subfield>
            <subfield code="d">1867-1933</subfield>
            <subfield code="0">(NO-TrBIB)90068192</subfield>
        </datafield>
        <datafield tag="245" ind1="1" ind2="0">
            <subfield code="a">Skilsmisse</subfield>
            <subfield code="c">John Galsworthy ; oversatt av Esther Stang</subfield>
        </datafield>
        <datafield tag="246" ind1="1" ind2=" ">
            <subfield code="a">In chancery</subfield>
            <subfield code="i">Originaltittel</subfield>
        </datafield>
        <datafield tag="246" ind1="1" ind2=" ">
            <subfield code="a">Indian summer</subfield>
            <subfield code="i">Originaltittel</subfield>
        </datafield>
        <datafield tag="250" ind1=" " ind2=" ">
            <subfield code="a">4. utg.</subfield>
        </datafield>
        <datafield tag="260" ind1=" " ind2=" ">
            <subfield code="a">Oslo</subfield>
            <subfield code="b">Gyldendal</subfield>
            <subfield code="c">1954</subfield>
        </datafield>
        <datafield tag="300" ind1=" " ind2=" ">
            <subfield code="a">325 s.</subfield>
        </datafield>
        <datafield tag="490" ind1="1" ind2=" ">
            <subfield code="a">Forsyte sagaen</subfield>
            <subfield code="v">2</subfield>
        </datafield>
        <datafield tag="700" ind1="1" ind2=" ">
            <subfield code="a">Stang, Esther</subfield>
            <subfield code="4">trl</subfield>
        </datafield>
        <datafield tag="830" ind1=" " ind2="0">
            <subfield code="a">Forsyte sagaen</subfield>
            <subfield code="v">2</subfield>
        </datafield>
    </record>