
    <record>
        <leader>01050cam a22003137c 4500</leader>
        <controlfield tag="001">999607511494702202</controlfield>
        <controlfield tag="003">bibsys</controlfield>
        <controlfield tag="005">20150121144043.0</controlfield>
        <controlfield tag="007">ta</controlfield>
        <controlfield tag="008">150121s1931    xx#|||||||||||000|u|und| </controlfield>
        <datafield tag="100" ind1="1" ind2=" ">
            <subfield code="a">Aas, Lars</subfield>
            <subfield code="d">1890-1946</subfield>
            <subfield code="0">(NO-TrBIB)90132457</subfield>
        </datafield>
        <datafield tag="245" ind1="1" ind2="0">
            <subfield code="a">John Galsworthy :</subfield>
            <subfield code="b">Forsyte sagaens digter</subfield>
            <subfield code="c">en vurdering av docent L. Aas</subfield>
        </datafield>
        <datafield tag="260" ind1=" " ind2=" ">
            <subfield code="a">Kbh.</subfield>
            <subfield code="b">Gyldendalske</subfield>
            <subfield code="c">1931</subfield>
        </datafield>
        <datafield tag="300" ind1=" " ind2=" ">
            <subfield code="a">16 s.</subfield>
        </datafield>
    </record>