
    <record>
        <leader>01211cam a2200313 c 4500</leader>
        <controlfield tag="001">999706669184702202</controlfield>
        <controlfield tag="003">bibsys</controlfield>
        <controlfield tag="005">20230401073700.0</controlfield>
        <controlfield tag="007">cr||||||||||||</controlfield>
        <controlfield tag="007">ta</controlfield>
        <controlfield tag="008">140108s1954    xx#||||| |||||000|u|nob|d</controlfield>
        <datafield tag="080" ind1=" " ind2=" ">
            <subfield code="a">820</subfield>
        </datafield>
        <datafield tag="100" ind1="1" ind2=" ">
            <subfield code="a">Galsworthy, John</subfield>
            <subfield code="d">1867-1933</subfield>
            <subfield code="0">(NO-TrBIB)90068192</subfield>
        </datafield>
        <datafield tag="245" ind1="1" ind2="4">
            <subfield code="a">Forsytesagaen</subfield>
            <subfield code="c">oversatt av Dorothea Schrøder</subfield>
            <subfield code="n">4</subfield>
            <subfield code="p">Den hvite ape</subfield>
        </datafield>
        <datafield tag="246" ind1="1" ind2=" ">
            <subfield code="a">The white Monkey</subfield>
            <subfield code="i">Originaltittel</subfield>
        </datafield>
        <datafield tag="250" ind1=" " ind2=" ">
            <subfield code="a">3. utg.</subfield>
        </datafield>
        <datafield tag="260" ind1=" " ind2=" ">
            <subfield code="a">Oslo</subfield>
            <subfield code="b">Gyldendal</subfield>
            <subfield code="c">1954</subfield>
        </datafield>
        <datafield tag="300" ind1=" " ind2=" ">
            <subfield code="a">278 s.</subfield>
        </datafield>
        <datafield tag="700" ind1="1" ind2=" ">
            <subfield code="a">Schrøder, Dorothea</subfield>
            <subfield code="d">1897-1956</subfield>
            <subfield code="0">(NO-TrBIB)90840636</subfield>
        </datafield>
        <datafield tag="773" ind1="0" ind2="8">
            <subfield code="i">Inkludert i</subfield>
            <subfield code="a">Galsworthy, John</subfield>
            <subfield code="t">Forsytesagaen</subfield>
            <subfield code="b">3. utg.</subfield>
            <subfield code="d">Oslo : Gyldendal, 1954</subfield>
            <subfield code="g">4</subfield>
            <subfield code="w">999727593444702201</subfield>
        </datafield>
    </record>