
    <record>
        <leader>01558cam a2200433 c 4500</leader>
        <controlfield tag="001">999706669774702202</controlfield>
        <controlfield tag="003">bibsys</controlfield>
        <controlfield tag="005">20230401073704.0</controlfield>
        <controlfield tag="007">cr||||||||||||</controlfield>
        <controlfield tag="007">ta</controlfield>
        <controlfield tag="008">140207s1954    no#||||| |||||000|u|nob|d</controlfield>
        <datafield tag="020" ind1=" " ind2=" ">
            <subfield code="c">Nkr 65.00</subfield>
            <subfield code="q">b. 1-10</subfield>
        </datafield>
        <datafield tag="020" ind1=" " ind2=" ">
            <subfield code="q">skr.</subfield>
            <subfield code="c">Nkr 150.00</subfield>
            <subfield code="q">b. 1-10</subfield>
        </datafield>
        <datafield tag="041" ind1="1" ind2=" ">
            <subfield code="h">eng</subfield>
        </datafield>
        <datafield tag="080" ind1=" " ind2=" ">
            <subfield code="a">820</subfield>
        </datafield>
        <datafield tag="100" ind1="1" ind2=" ">
            <subfield code="a">Galsworthy, John</subfield>
            <subfield code="d">1867-1933</subfield>
            <subfield code="0">(NO-TrBIB)90068192</subfield>
        </datafield>
        <datafield tag="245" ind1="1" ind2="0">
            <subfield code="a">Forsytesagaen</subfield>
            <subfield code="c">oversatt av Margrethe Kjær</subfield>
            <subfield code="n">10</subfield>
            <subfield code="p">Over elven</subfield>
        </datafield>
        <datafield tag="246" ind1="1" ind2=" ">
            <subfield code="a">Over the River</subfield>
            <subfield code="i">Originaltittel</subfield>
        </datafield>
        <datafield tag="250" ind1=" " ind2=" ">
            <subfield code="a">3. utg.</subfield>
        </datafield>
        <datafield tag="260" ind1=" " ind2=" ">
            <subfield code="a">Oslo</subfield>
            <subfield code="b">Gyldendal</subfield>
            <subfield code="c">1954</subfield>
        </datafield>
        <datafield tag="300" ind1=" " ind2=" ">
            <subfield code="a">321 s.</subfield>
        </datafield>
        <datafield tag="773" ind1="0" ind2="8">
            <subfield code="i">Inkludert i</subfield>
            <subfield code="a">Galsworthy, John</subfield>
            <subfield code="t">Forsytesagaen</subfield>
            <subfield code="b">3. utg.</subfield>
            <subfield code="d">Oslo : Gyldendal, 1954</subfield>
            <subfield code="g">10</subfield>
            <subfield code="w">999727593444702201</subfield>
        </datafield>
    </record>