
    <record>
        <leader>00779cam a2200241 c 4500</leader>
        <controlfield tag="001">999706815934702202</controlfield>
        <controlfield tag="003">bibsys</controlfield>
        <controlfield tag="005">20221021071527.0</controlfield>
        <controlfield tag="007">ta</controlfield>
        <controlfield tag="008">121212s1991    xx#|||||||||||000|u|eng|d</controlfield>
        <datafield tag="020" ind1=" " ind2=" ">
            <subfield code="a">0140185054</subfield>
            <subfield code="q">h.</subfield>
        </datafield>
        <datafield tag="100" ind1="1" ind2=" ">
            <subfield code="a">Galsworthy, John</subfield>
            <subfield code="d">1867-1933</subfield>
            <subfield code="0">(NO-TrBIB)90068192</subfield>
        </datafield>
        <datafield tag="245" ind1="1" ind2="0">
            <subfield code="a">On Forsyte 'Change</subfield>
            <subfield code="c">John Galsworthy</subfield>
        </datafield>
        <datafield tag="260" ind1=" " ind2=" ">
            <subfield code="a">London</subfield>
            <subfield code="b">Penguin</subfield>
            <subfield code="c">1991</subfield>
        </datafield>
        <datafield tag="300" ind1=" " ind2=" ">
            <subfield code="a">292 s.</subfield>
        </datafield>
        <datafield tag="490" ind1="1" ind2=" ">
            <subfield code="a">Penguin Twentieth - Century Classics</subfield>
        </datafield>
        <datafield tag="830" ind1=" " ind2="0">
            <subfield code="a">Penguin Twentieth - Century Classics</subfield>
        </datafield>
    </record>