
    <record>
        <leader>00608cam a22002057c 4500</leader>
        <controlfield tag="001">999706853194702202</controlfield>
        <controlfield tag="003">bibsys</controlfield>
        <controlfield tag="005">20081027111330.0</controlfield>
        <controlfield tag="007">ta</controlfield>
        <controlfield tag="008">081027s1922    xx#|||||||||||000|u|eng|d</controlfield>
        <datafield tag="100" ind1="1" ind2=" ">
            <subfield code="a">Galsworthy, John</subfield>
            <subfield code="d">1867-1933</subfield>
            <subfield code="0">(NO-TrBIB)90068192</subfield>
        </datafield>
        <datafield tag="245" ind1="1" ind2="0">
            <subfield code="a">Loyalties :</subfield>
            <subfield code="b">a drama in three acts</subfield>
            <subfield code="c">by John Galsworthy</subfield>
        </datafield>
        <datafield tag="260" ind1=" " ind2=" ">
            <subfield code="a">London</subfield>
            <subfield code="b">Duckworth</subfield>
            <subfield code="c">1922</subfield>
        </datafield>
        <datafield tag="300" ind1=" " ind2=" ">
            <subfield code="a">80 s.</subfield>
        </datafield>
        <datafield tag="500" ind1=" " ind2=" ">
            <subfield code="a">Fifteenth Impression, 1953</subfield>
        </datafield>
    </record>