
    <record>
        <leader>01050cam a2200301 c 4500</leader>
        <controlfield tag="001">999725327224702202</controlfield>
        <controlfield tag="003">bibsys</controlfield>
        <controlfield tag="005">20050815141834.0</controlfield>
        <controlfield tag="007">ta</controlfield>
        <controlfield tag="008">050815s1912    xx#|||||||||||000|u|eng|d</controlfield>
        <datafield tag="100" ind1="1" ind2=" ">
            <subfield code="a">Galsworthy, John</subfield>
            <subfield code="d">1867-1933</subfield>
            <subfield code="0">(NO-TrBIB)90068192</subfield>
        </datafield>
        <datafield tag="245" ind1="1" ind2="0">
            <subfield code="a">Justice and other plays</subfield>
            <subfield code="c">by John Galsworthy</subfield>
        </datafield>
        <datafield tag="260" ind1=" " ind2=" ">
            <subfield code="a">Leipzig</subfield>
            <subfield code="b">Bernhard Tauchnitz</subfield>
            <subfield code="c">[1912?]</subfield>
        </datafield>
        <datafield tag="300" ind1=" " ind2=" ">
            <subfield code="a">287 s.</subfield>
        </datafield>
        <datafield tag="490" ind1="1" ind2=" ">
            <subfield code="a">Collection of British authors, Tauchnitz edition</subfield>
            <subfield code="v">4362</subfield>
        </datafield>
        <datafield tag="830" ind1=" " ind2="0">
            <subfield code="a">Collection of British authors, Tauchnitz edition</subfield>
            <subfield code="v">4362</subfield>
        </datafield>
    </record>