
    <record>
        <leader>01062cam a22002657c 4500</leader>
        <controlfield tag="001">999813009104702202</controlfield>
        <controlfield tag="003">bibsys</controlfield>
        <controlfield tag="005">20171010225832.0</controlfield>
        <controlfield tag="007">ta</controlfield>
        <controlfield tag="008">150331s1932    xx#|||||||||||000|u|eng|d</controlfield>
        <datafield tag="100" ind1="1" ind2=" ">
            <subfield code="a">Horn, Alfred Aloysius</subfield>
            <subfield code="0">(NO-TrBIB)90721909</subfield>
        </datafield>
        <datafield tag="245" ind1="1" ind2="0">
            <subfield code="a">Trader Horn :</subfield>
            <subfield code="b">the Ivory Coast in the earlies</subfield>
            <subfield code="c">Alfred Aloysius Horn ; written at the age of seventy-three ... taken down and here edited by Ethelreda Lewis ; the foreword written by John Galsworthy</subfield>
        </datafield>
        <datafield tag="260" ind1=" " ind2=" ">
            <subfield code="a">London</subfield>
            <subfield code="b">Jonathan Cape</subfield>
            <subfield code="c">1932</subfield>
        </datafield>
        <datafield tag="300" ind1=" " ind2=" ">
            <subfield code="a">319 s., pl.</subfield>
            <subfield code="b">ill.</subfield>
        </datafield>
        <datafield tag="490" ind1="1" ind2=" ">
            <subfield code="a">The Life and letters series</subfield>
            <subfield code="v">no. 4</subfield>
        </datafield>
        <datafield tag="600" ind1="1" ind2="7">
            <subfield code="a">Horn, Alfred Aloysius</subfield>
            <subfield code="0">(NO-TrBIB)90721909</subfield>
            <subfield code="2">bare</subfield>
        </datafield>
        <datafield tag="700" ind1="1" ind2=" ">
            <subfield code="a">Galsworthy, John</subfield>
            <subfield code="d">1867-1933</subfield>
            <subfield code="0">(NO-TrBIB)90068192</subfield>
        </datafield>
        <datafield tag="700" ind1="1" ind2=" ">
            <subfield code="a">Lewis, Ethelreda</subfield>
            <subfield code="0">(NO-TrBIB)90721910</subfield>
        </datafield>
        <datafield tag="830" ind1=" " ind2="4">
            <subfield code="a">The Life and letters series</subfield>
            <subfield code="v">no. 4</subfield>
        </datafield>
    </record>