
    <record>
        <leader>00704cam a2200229 c 4500</leader>
        <controlfield tag="001">999909752584702202</controlfield>
        <controlfield tag="003">bibsys</controlfield>
        <controlfield tag="005">20060313160931.0</controlfield>
        <controlfield tag="007">ta</controlfield>
        <controlfield tag="008">060313s1929    xx#|||||||||||000|u|eng| </controlfield>
        <datafield tag="100" ind1="1" ind2=" ">
            <subfield code="a">Galsworthy, John</subfield>
            <subfield code="d">1867-1933</subfield>
            <subfield code="0">(NO-TrBIB)90068192</subfield>
        </datafield>
        <datafield tag="245" ind1="1" ind2="2">
            <subfield code="a">A modern comedy</subfield>
            <subfield code="c">by John Galsworthy</subfield>
        </datafield>
        <datafield tag="260" ind1=" " ind2=" ">
            <subfield code="a">London</subfield>
            <subfield code="b">Heinemann</subfield>
            <subfield code="c">1929</subfield>
        </datafield>
        <datafield tag="300" ind1=" " ind2=" ">
            <subfield code="a">XVII, 1088 s., fold. pl.</subfield>
        </datafield>
    </record>