
    <record>
        <leader>00592cam a22002051c 4500</leader>
        <controlfield tag="001">999914263714702202</controlfield>
        <controlfield tag="003">bibsys</controlfield>
        <controlfield tag="005">20140715090422.0</controlfield>
        <controlfield tag="007">ta</controlfield>
        <controlfield tag="008">140715s1910    xx#|||||||||||000|u|eng|d</controlfield>
        <datafield tag="080" ind1=" " ind2=" ">
            <subfield code="a">820</subfield>
        </datafield>
        <datafield tag="100" ind1="1" ind2=" ">
            <subfield code="a">Galsworthy, John</subfield>
            <subfield code="d">1867-1933</subfield>
            <subfield code="0">(NO-TrBIB)90068192</subfield>
        </datafield>
        <datafield tag="245" ind1="1" ind2="0">
            <subfield code="a">Justice :</subfield>
            <subfield code="b">a tragedy in four acts</subfield>
            <subfield code="c">by John Galsworthy</subfield>
        </datafield>
        <datafield tag="260" ind1=" " ind2=" ">
            <subfield code="a">London</subfield>
            <subfield code="b">Duckworth and Co.</subfield>
            <subfield code="c">1910</subfield>
        </datafield>
        <datafield tag="300" ind1=" " ind2=" ">
            <subfield code="a">86 s.</subfield>
        </datafield>
    </record>