
    <record>
        <leader>00897cam a22002537c 4500</leader>
        <controlfield tag="001">999920176389502202</controlfield>
        <controlfield tag="003">bibsys</controlfield>
        <controlfield tag="005">20131203165449.0</controlfield>
        <controlfield tag="007">ta</controlfield>
        <controlfield tag="008">131203s1996    xx#|||||||||||000|u|eng|d</controlfield>
        <datafield tag="020" ind1=" " ind2=" ">
            <subfield code="a">1851529489</subfield>
            <subfield code="q">ib.</subfield>
        </datafield>
        <datafield tag="100" ind1="1" ind2=" ">
            <subfield code="a">Hicks, Susan</subfield>
            <subfield code="0">(NO-TrBIB)13068486</subfield>
        </datafield>
        <datafield tag="245" ind1="1" ind2="4">
            <subfield code="a">The sea food cookbook</subfield>
            <subfield code="c">Susan Hicks ; [photographs by David Burch ; decorative illustrations by Gay John Galsworthy]</subfield>
        </datafield>
        <datafield tag="250" ind1=" " ind2=" ">
            <subfield code="a">[New ed.]</subfield>
        </datafield>
        <datafield tag="260" ind1=" " ind2=" ">
            <subfield code="a">London</subfield>
            <subfield code="b">Chancellor Press</subfield>
            <subfield code="c">1996</subfield>
        </datafield>
        <datafield tag="300" ind1=" " ind2=" ">
            <subfield code="a">192 s.</subfield>
            <subfield code="b">ill.</subfield>
            <subfield code="c">27 cm</subfield>
        </datafield>
        <datafield tag="700" ind1="1" ind2=" ">
            <subfield code="a">Burch, David</subfield>
            <subfield code="0">(NO-TrBIB)90228789</subfield>
        </datafield>
        <datafield tag="700" ind1="1" ind2=" ">
            <subfield code="a">Galsworthy, Gay John</subfield>
            <subfield code="0">(NO-TrBIB)1033697</subfield>
        </datafield>
    </record>