
    <record>
        <leader>00715nam a22002415c 4500</leader>
        <controlfield tag="001">999920179800702202</controlfield>
        <controlfield tag="003">bibsys</controlfield>
        <controlfield tag="005">20211217142150.0</controlfield>
        <controlfield tag="007">ta</controlfield>
        <controlfield tag="008">211217s1968    no     | |||||||||0 nob| </controlfield>
        <datafield tag="100" ind1="1" ind2=" ">
            <subfield code="a">Galsworthy, John</subfield>
            <subfield code="d">1867-1933</subfield>
            <subfield code="0">(NO-TrBIB)90068192</subfield>
        </datafield>
        <datafield tag="240" ind1="1" ind2="0">
            <subfield code="a">Maid-in-waiting</subfield>
            <subfield code="l">Norsk</subfield>
        </datafield>
        <datafield tag="245" ind1="1" ind2="0">
            <subfield code="a">Ventetid</subfield>
            <subfield code="c">John Galsworthy ; oversatt av Margrethe Kjær</subfield>
        </datafield>
        <datafield tag="250" ind1=" " ind2=" ">
            <subfield code="a">6. utg.</subfield>
        </datafield>
        <datafield tag="260" ind1=" " ind2=" ">
            <subfield code="a">Oslo</subfield>
            <subfield code="b">Gyldendal</subfield>
            <subfield code="c">1968</subfield>
        </datafield>
        <datafield tag="300" ind1=" " ind2=" ">
            <subfield code="a">319 s.</subfield>
        </datafield>
        <datafield tag="490" ind1="1" ind2=" ">
            <subfield code="a">Forsyte-sagaen</subfield>
            <subfield code="v">[8]</subfield>
        </datafield>
        <datafield tag="700" ind1="1" ind2=" ">
            <subfield code="a">Kjær, Margrethe</subfield>
            <subfield code="4">trl</subfield>
        </datafield>
        <datafield tag="830" ind1=" " ind2="0">
            <subfield code="a">Forsyte-sagaen</subfield>
            <subfield code="v">[8]</subfield>
        </datafield>
    </record>