
    <record>
        <leader>01276nam a2200361 c 4500</leader>
        <controlfield tag="001">a7216233</controlfield>
        <controlfield tag="003">SpMaBN</controlfield>
        <controlfield tag="005">20230712004704.4</controlfield>
        <controlfield tag="008">230124s2023    sp     | |||| 000 j spa  </controlfield>
        <datafield tag="017" ind1=" " ind2=" ">
            <subfield code="a">M 30459-2022</subfield>
            <subfield code="b">Oficina Depósito Legal Madrid</subfield>
        </datafield>
        <datafield tag="020" ind1=" " ind2=" ">
            <subfield code="a">978-84-19124-31-9</subfield>
        </datafield>
        <datafield tag="080" ind1=" " ind2=" ">
            <subfield code="a">821.111-32"18"</subfield>
        </datafield>
        <datafield tag="100" ind1="1" ind2=" ">
            <subfield code="a">Galsworthy, John</subfield>
            <subfield code="d">1867-1933</subfield>
            <subfield code="e">autor</subfield>
            <subfield code="4">aut</subfield>
        </datafield>
        <datafield tag="243" ind1="1" ind2="0">
            <subfield code="a">Novela</subfield>
            <subfield code="k">Selección</subfield>
            <subfield code="l">Español</subfield>
        </datafield>
        <datafield tag="245" ind1="1" ind2="4">
            <subfield code="a">Los primeros y los últimos ;</subfield>
            <subfield code="b">Tenía un caballo</subfield>
            <subfield code="c">John Galsworthy ; traducción de Susana Carral</subfield>
        </datafield>
        <datafield tag="250" ind1=" " ind2=" ">
            <subfield code="a">Primera edición en Reino de Cordelia, enero de 2023</subfield>
        </datafield>
        <datafield tag="264" ind1=" " ind2="1">
            <subfield code="a">Madrid</subfield>
            <subfield code="b">Reino de Cordelia,</subfield>
            <subfield code="c">[2023]</subfield>
        </datafield>
        <datafield tag="300" ind1=" " ind2=" ">
            <subfield code="a">166 páginas</subfield>
            <subfield code="c">20 cm</subfield>
        </datafield>
        <datafield tag="336" ind1=" " ind2=" ">
            <subfield code="a">Texto</subfield>
            <subfield code="2">rdacontent</subfield>
        </datafield>
        <datafield tag="337" ind1=" " ind2=" ">
            <subfield code="a">sin mediación</subfield>
            <subfield code="2">rdamedia</subfield>
        </datafield>
        <datafield tag="338" ind1=" " ind2=" ">
            <subfield code="a">volumen</subfield>
            <subfield code="2">rdacarrier</subfield>
        </datafield>
        <datafield tag="500" ind1=" " ind2=" ">
            <subfield code="a">"176"</subfield>
        </datafield>
        <datafield tag="700" ind1="1" ind2=" ">
            <subfield code="a">Carral, Susana</subfield>
            <subfield code="e">traductor</subfield>
            <subfield code="4">trl</subfield>
        </datafield>
        <datafield tag="700" ind1="1" ind2="2">
            <subfield code="a">Galsworthy, John</subfield>
            <subfield code="d">1867-1933</subfield>
            <subfield code="t">Had a horse</subfield>
            <subfield code="l">Español</subfield>
        </datafield>
        <datafield tag="700" ind1="1" ind2="2">
            <subfield code="a">Galsworthy, John</subfield>
            <subfield code="d">1867-1933</subfield>
            <subfield code="t">The first and the last</subfield>
            <subfield code="l">Español</subfield>
        </datafield>
        <datafield tag="740" ind1="0" ind2="2">
            <subfield code="a">Tenía un caballo</subfield>
        </datafield>
    </record>