
    <record>
        <leader>01217nam a2200361 c 4500</leader>
        <controlfield tag="001">a6045783</controlfield>
        <controlfield tag="003">SpMaBN</controlfield>
        <controlfield tag="005">20200109011425.5</controlfield>
        <controlfield tag="008">171030s2017    sp            000 fdspa  </controlfield>
        <datafield tag="017" ind1=" " ind2=" ">
            <subfield code="a">M 26208-2017</subfield>
            <subfield code="b">Oficina Depósito Legal Madrid</subfield>
        </datafield>
        <datafield tag="020" ind1=" " ind2=" ">
            <subfield code="a">978-84-376-3760-0</subfield>
        </datafield>
        <datafield tag="041" ind1="1" ind2=" ">
            <subfield code="a">spa</subfield>
            <subfield code="h">eng</subfield>
        </datafield>
        <datafield tag="080" ind1=" " ind2=" ">
            <subfield code="a">821.111-31"19"</subfield>
        </datafield>
        <datafield tag="100" ind1="1" ind2=" ">
            <subfield code="a">Galsworthy, John</subfield>
            <subfield code="d">1867-1933</subfield>
            <subfield code="4">aut</subfield>
            <subfield code="0">XX874970</subfield>
        </datafield>
        <datafield tag="240" ind1="1" ind2="4">
            <subfield code="a">The man of property</subfield>
            <subfield code="l">Español</subfield>
        </datafield>
        <datafield tag="245" ind1="1" ind2="3">
            <subfield code="a">El propietario</subfield>
            <subfield code="c">John Galsworthy ; edición y traducción de Miguel Ángel Pérez Pérez</subfield>
        </datafield>
        <datafield tag="250" ind1=" " ind2=" ">
            <subfield code="a">1ª ed.</subfield>
        </datafield>
        <datafield tag="260" ind1=" " ind2=" ">
            <subfield code="a">Madrid</subfield>
            <subfield code="b">Cátedra</subfield>
            <subfield code="c">2017</subfield>
        </datafield>
        <datafield tag="300" ind1=" " ind2=" ">
            <subfield code="a">539 p.</subfield>
            <subfield code="c">21 cm</subfield>
        </datafield>
        <datafield tag="336" ind1=" " ind2=" ">
            <subfield code="a">Texto (visual)</subfield>
            <subfield code="2">isbdcontent</subfield>
        </datafield>
        <datafield tag="337" ind1=" " ind2=" ">
            <subfield code="a">sin mediación</subfield>
            <subfield code="2">isbdmedia</subfield>
        </datafield>
        <datafield tag="490" ind1="0" ind2=" ">
            <subfield code="a">Biblioteca del siglo XX</subfield>
        </datafield>
        <datafield tag="504" ind1=" " ind2=" ">
            <subfield code="a">Incluye referencias bibliográficas</subfield>
        </datafield>
        <datafield tag="594" ind1=" " ind2=" ">
            <subfield code="a">Título original: The man of property</subfield>
        </datafield>
        <datafield tag="700" ind1="1" ind2=" ">
            <subfield code="a">Pérez Pérez, Miguel Ángel</subfield>
            <subfield code="d">1963-</subfield>
            <subfield code="e">traductor</subfield>
            <subfield code="e">editor literario</subfield>
            <subfield code="4">trl</subfield>
            <subfield code="4">edt</subfield>
        </datafield>
    </record>