
    <record>
        <leader>02488ngm a2200541 c 4500</leader>
        <controlfield tag="001">a5588303</controlfield>
        <controlfield tag="003">SpMaBN</controlfield>
        <controlfield tag="005">20220409013503.7</controlfield>
        <controlfield tag="006">g072 g      s   vl</controlfield>
        <controlfield tag="007">vd*bvaizs</controlfield>
        <controlfield tag="008">141215s2014    sp 072 g       || v mul  </controlfield>
        <datafield tag="017" ind1=" " ind2=" ">
            <subfield code="a">B 3720-2014</subfield>
            <subfield code="b">Oficina Depósito Legal Barcelona</subfield>
        </datafield>
        <datafield tag="028" ind1="4" ind2="0">
            <subfield code="a">MS1513</subfield>
            <subfield code="b">Memory Screen</subfield>
        </datafield>
        <datafield tag="041" ind1="1" ind2=" ">
            <subfield code="a">spa</subfield>
            <subfield code="a">eng</subfield>
            <subfield code="j">spa</subfield>
            <subfield code="h">eng</subfield>
        </datafield>
        <datafield tag="130" ind1="0" ind2=" ">
            <subfield code="a">21 days</subfield>
            <subfield code="l">Español-Inglés</subfield>
        </datafield>
        <datafield tag="245" ind1="1" ind2="0">
            <subfield code="a">21 días juntos =</subfield>
            <subfield code="b">Twenty-one days</subfield>
            <subfield code="c">dirigida por Basil Dean ; producida por Alexander Korda ; guión, Graham Greene, Basil Dean ; fotografía, Jan Stallick ; música, John Greenwood</subfield>
        </datafield>
        <datafield tag="246" ind1="3" ind2="1">
            <subfield code="a">Twenty-one days</subfield>
        </datafield>
        <datafield tag="246" ind1="3" ind2="3">
            <subfield code="a">Veintiún días juntos</subfield>
        </datafield>
        <datafield tag="260" ind1=" " ind2=" ">
            <subfield code="a">Barcelona</subfield>
            <subfield code="b">Memory Screen</subfield>
            <subfield code="b">[distribuido por] La casa del cine para todos</subfield>
            <subfield code="c">D.L. 2014</subfield>
        </datafield>
        <datafield tag="300" ind1=" " ind2=" ">
            <subfield code="a">1 DVD-Vídeo (ca. 72 min)</subfield>
            <subfield code="b">son., bl. y n.</subfield>
        </datafield>
        <datafield tag="336" ind1=" " ind2=" ">
            <subfield code="a">Imagen (en movimiento ; bidimensional)</subfield>
            <subfield code="2">isbdcontent</subfield>
        </datafield>
        <datafield tag="337" ind1=" " ind2=" ">
            <subfield code="a">vídeo</subfield>
            <subfield code="2">isbdmedia</subfield>
        </datafield>
        <datafield tag="500" ind1=" " ind2=" ">
            <subfield code="a">Basada en la historia de John Galsworthy</subfield>
        </datafield>
        <datafield tag="511" ind1="1" ind2=" ">
            <subfield code="a">Vivien Leigh, Leslie Banks, Laurence Olivier</subfield>
        </datafield>
        <datafield tag="518" ind1=" " ind2=" ">
            <subfield code="a">Largometraje producido en 1940 en Reino Unido</subfield>
        </datafield>
        <datafield tag="520" ind1="3" ind2=" ">
            <subfield code="a">Larry Darrent mata accidentalmente al marido chantajista de su amante, Wanda. La policía detiene a un sospechoso y lo condenan a muerte. Larry y Wanda sólo tienen tres semanas para estar juntos y decidir si Larry debe entregarse o dejar que un inocente muera</subfield>
        </datafield>
        <datafield tag="521" ind1="1" ind2=" ">
            <subfield code="a">No recomendada para menores de 12 años</subfield>
        </datafield>
        <datafield tag="546" ind1=" " ind2=" ">
            <subfield code="a">Versiones en inglés y español, con subtítulos opcionales en español</subfield>
        </datafield>
        <datafield tag="597" ind1=" " ind2=" ">
            <subfield code="a">Formato de pantalla 4:3</subfield>
        </datafield>
        <datafield tag="597" ind1=" " ind2=" ">
            <subfield code="a">Formato de película 1.33:1</subfield>
        </datafield>
        <datafield tag="597" ind1=" " ind2=" ">
            <subfield code="a">Formato de sonido Estéreo</subfield>
        </datafield>
        <datafield tag="597" ind1=" " ind2=" ">
            <subfield code="a">Sistema de grabación del color PAL</subfield>
        </datafield>
        <datafield tag="700" ind1="1" ind2=" ">
            <subfield code="a">Banks, Leslie</subfield>
            <subfield code="d">1890-1952</subfield>
            <subfield code="e">actor</subfield>
            <subfield code="4">act</subfield>
        </datafield>
        <datafield tag="700" ind1="1" ind2=" ">
            <subfield code="a">Dean, Basil</subfield>
            <subfield code="d">1887-1978</subfield>
            <subfield code="e">director de cine</subfield>
            <subfield code="e">guionista</subfield>
            <subfield code="4">fmd</subfield>
            <subfield code="4">aus</subfield>
        </datafield>
        <datafield tag="700" ind1="1" ind2=" ">
            <subfield code="a">Galsworthy, John</subfield>
            <subfield code="d">1867-1933</subfield>
            <subfield code="e">idea original</subfield>
            <subfield code="4">ccp</subfield>
        </datafield>
        <datafield tag="700" ind1="1" ind2=" ">
            <subfield code="a">Greene, Graham</subfield>
            <subfield code="d">1904-1991</subfield>
            <subfield code="e">guionista</subfield>
            <subfield code="4">aus</subfield>
        </datafield>
        <datafield tag="700" ind1="1" ind2=" ">
            <subfield code="a">Greenwood, John</subfield>
            <subfield code="d">1889-1975</subfield>
            <subfield code="e">compositor</subfield>
            <subfield code="4">cmp</subfield>
        </datafield>
        <datafield tag="700" ind1="1" ind2=" ">
            <subfield code="a">Korda, Alexander</subfield>
            <subfield code="d">1893-1956</subfield>
            <subfield code="e">productor</subfield>
            <subfield code="4">pro</subfield>
        </datafield>
        <datafield tag="700" ind1="1" ind2=" ">
            <subfield code="a">Leigh, Vivien</subfield>
            <subfield code="d">1913-1967</subfield>
            <subfield code="e">actor</subfield>
            <subfield code="4">act</subfield>
        </datafield>
        <datafield tag="700" ind1="1" ind2=" ">
            <subfield code="a">Olivier, Laurence</subfield>
            <subfield code="d">1907-1989</subfield>
            <subfield code="e">actor</subfield>
            <subfield code="4">act</subfield>
        </datafield>
        <datafield tag="700" ind1="1" ind2=" ">
            <subfield code="a">Stallich, Jan</subfield>
            <subfield code="d">1907-1973</subfield>
            <subfield code="e">director de fotografía</subfield>
            <subfield code="4">cng</subfield>
        </datafield>
    </record>