
    <record>
        <leader>01149cam a2200349 c 4500</leader>
        <controlfield tag="001">a5088366</controlfield>
        <controlfield tag="003">SpMaBN</controlfield>
        <controlfield tag="005">20230714005520.6</controlfield>
        <controlfield tag="008">110726s2011    sp     | |||| 000 f spa  </controlfield>
        <datafield tag="017" ind1=" " ind2=" ">
            <subfield code="a">B 21539-2011</subfield>
            <subfield code="b">Oficina Depósito Legal Barcelona</subfield>
        </datafield>
        <datafield tag="020" ind1=" " ind2=" ">
            <subfield code="a">978-84-92806-59-1</subfield>
        </datafield>
        <datafield tag="041" ind1="1" ind2=" ">
            <subfield code="a">spa</subfield>
            <subfield code="h">eng</subfield>
        </datafield>
        <datafield tag="080" ind1=" " ind2=" ">
            <subfield code="a">821.111-31"19"</subfield>
        </datafield>
        <datafield tag="100" ind1="1" ind2=" ">
            <subfield code="a">Galsworthy, John</subfield>
            <subfield code="d">1867-1933</subfield>
            <subfield code="0">XX874970</subfield>
        </datafield>
        <datafield tag="240" ind1="1" ind2="4">
            <subfield code="a">The patrician</subfield>
            <subfield code="l">Español</subfield>
        </datafield>
        <datafield tag="245" ind1="1" ind2="3">
            <subfield code="a">El patricio</subfield>
            <subfield code="h">[Texto impreso] =</subfield>
            <subfield code="b">(The patrician)</subfield>
            <subfield code="c">John Galsworthy ; traducción de Carlos Vendrell</subfield>
        </datafield>
        <datafield tag="246" ind1="3" ind2="1">
            <subfield code="a">The patrician</subfield>
        </datafield>
        <datafield tag="250" ind1=" " ind2=" ">
            <subfield code="a">1ª ed.</subfield>
        </datafield>
        <datafield tag="260" ind1=" " ind2=" ">
            <subfield code="a">Vilafranca del Penedés, Barcelona</subfield>
            <subfield code="b">Erasmus</subfield>
            <subfield code="c">2011</subfield>
        </datafield>
        <datafield tag="300" ind1=" " ind2=" ">
            <subfield code="a">269 p.</subfield>
            <subfield code="c">23 cm</subfield>
        </datafield>
        <datafield tag="490" ind1="0" ind2=" ">
            <subfield code="a">Clásicos en el presente</subfield>
            <subfield code="v">19</subfield>
        </datafield>
        <datafield tag="594" ind1=" " ind2=" ">
            <subfield code="a">Título original: The patrician</subfield>
        </datafield>
        <datafield tag="700" ind1="1" ind2=" ">
            <subfield code="a">Ezquerra, Carlos</subfield>
            <subfield code="d">1949-</subfield>
        </datafield>
    </record>