
    <record>
        <leader>03839ngm a2200781 i 4500</leader>
        <controlfield tag="001">a4652548</controlfield>
        <controlfield tag="003">SpMaBN</controlfield>
        <controlfield tag="005">20221022005235.7</controlfield>
        <controlfield tag="007">vd*mvaizs</controlfield>
        <controlfield tag="008">091217s2009    sp 226 g          1 mul  </controlfield>
        <datafield tag="017" ind1=" " ind2=" ">
            <subfield code="a">M 30787-2009</subfield>
            <subfield code="b">Oficina Depósito Legal Madrid</subfield>
        </datafield>
        <datafield tag="041" ind1="1" ind2=" ">
            <subfield code="a">spa</subfield>
            <subfield code="a">eng</subfield>
            <subfield code="b">spa</subfield>
            <subfield code="d">eng</subfield>
        </datafield>
        <datafield tag="245" ind1="0" ind2="0">
            <subfield code="a">Mitos del cine</subfield>
            <subfield code="h">[Videograbación]</subfield>
        </datafield>
        <datafield tag="260" ind1=" " ind2=" ">
            <subfield code="a">[Madrid]</subfield>
            <subfield code="b">Círculo Media Direct</subfield>
            <subfield code="c">D.L. 2009</subfield>
        </datafield>
        <datafield tag="300" ind1=" " ind2=" ">
            <subfield code="a">1 DVD-Vídeo (ca. 226 min)</subfield>
            <subfield code="b">son., bl. y n. y col.</subfield>
        </datafield>
        <datafield tag="500" ind1=" " ind2=" ">
            <subfield code="a">Cine americano USA (Arriesgándolo todo y Tres cartas de amor))</subfield>
        </datafield>
        <datafield tag="500" ind1=" " ind2=" ">
            <subfield code="a">Cine europeo (Reino Unido)</subfield>
        </datafield>
        <datafield tag="500" ind1=" " ind2=" ">
            <subfield code="a">Comedia musical realizada en 1931 (Arriesgándolo todo)</subfield>
        </datafield>
        <datafield tag="500" ind1=" " ind2=" ">
            <subfield code="a">Drama realizado en 1931 (Juego sucio)</subfield>
        </datafield>
        <datafield tag="500" ind1=" " ind2=" ">
            <subfield code="a">Drama realizado en 1973 (Tres cartas de amor)</subfield>
        </datafield>
        <datafield tag="505" ind1="0" ind2="0">
            <subfield code="a">Arriesgándolo todo = Reaching for the Moon / written and directed by Edmund Goulding ;additional dilaogue, Elsie Janis ; music by Irving Berlin ; photography, Ray June and Robert Planck -- Juego sucio = The skin game / directed by Alfred Hitchcock ; a talking film by John Galsworthy ; produced by John Maxwell ; screenplay by Alfred Hitchcock, additional dialogue, Alma Reville ; photography, Jack Cox -- Tres cartas de amor = Letters from three lovers / directed by John Erman ; produced by Aaron Spelling, Leonard Goldberg ; written by Jerome Kass, Ann Marcus ; music by Pete Rugolo ; director of photography, Tim Southcott</subfield>
        </datafield>
        <datafield tag="511" ind1="1" ind2=" ">
            <subfield code="a">C.V. France, Helen Haye, Jill Esmond (Juego sucio)</subfield>
        </datafield>
        <datafield tag="511" ind1="1" ind2=" ">
            <subfield code="a">Douglas Fairbanks, Bebe Daniels, Edward Everett Horton (Arriesgándolo todo)</subfield>
        </datafield>
        <datafield tag="511" ind1="1" ind2=" ">
            <subfield code="a">Martin Sheen, June Allyson, Ken Berry (Tres cartas de amor)</subfield>
        </datafield>
        <datafield tag="520" ind1="3" ind2=" ">
            <subfield code="a">Historia de una furiosa rivalidad entre un propietario rural y su vecino, un industrial advenedizo (Juego sucio)</subfield>
        </datafield>
        <datafield tag="520" ind1="3" ind2=" ">
            <subfield code="a">Tres cartas, cuya entrega se ha retrasado más de un año, cambia la vida de las personas a quienes estaban destinadas (Tres cartas de amor)</subfield>
        </datafield>
        <datafield tag="520" ind1="3" ind2=" ">
            <subfield code="a">Un admirado financiero mantiene un romance con una joven muy popular entre la alta sociedad. El primero dejará todo para enamorarla (Arriesgándolo todo)</subfield>
        </datafield>
        <datafield tag="521" ind1=" " ind2=" ">
            <subfield code="a">Autorizadas para todos los públicos</subfield>
        </datafield>
        <datafield tag="546" ind1=" " ind2=" ">
            <subfield code="a">Versiones en inglés y español, con subtítulos opcionales en inglés y español</subfield>
        </datafield>
        <datafield tag="597" ind1=" " ind2=" ">
            <subfield code="a">Formato de doble capa de lectura (DVD 9)</subfield>
        </datafield>
        <datafield tag="597" ind1=" " ind2=" ">
            <subfield code="a">Formato de pantalla 4:3</subfield>
        </datafield>
        <datafield tag="597" ind1=" " ind2=" ">
            <subfield code="a">Formato de sonido Dolby Digital</subfield>
        </datafield>
        <datafield tag="700" ind1="1" ind2=" ">
            <subfield code="a">Allyson, June</subfield>
            <subfield code="d">1917-2006</subfield>
        </datafield>
        <datafield tag="700" ind1="1" ind2=" ">
            <subfield code="a">Berlin, Irving</subfield>
            <subfield code="d">1888-1989</subfield>
        </datafield>
        <datafield tag="700" ind1="1" ind2=" ">
            <subfield code="a">Berry, Ken</subfield>
            <subfield code="d">1933-2018</subfield>
        </datafield>
        <datafield tag="700" ind1="1" ind2=" ">
            <subfield code="a">Cox, Jack E.</subfield>
            <subfield code="d">1896-1960</subfield>
        </datafield>
        <datafield tag="700" ind1="1" ind2=" ">
            <subfield code="a">Daniels, Bebe</subfield>
            <subfield code="d">1901-1971</subfield>
        </datafield>
        <datafield tag="700" ind1="1" ind2=" ">
            <subfield code="a">Erman, John</subfield>
            <subfield code="d">1935-</subfield>
        </datafield>
        <datafield tag="700" ind1="1" ind2=" ">
            <subfield code="a">Esmond, Jill</subfield>
            <subfield code="d">1908-1990</subfield>
        </datafield>
        <datafield tag="700" ind1="1" ind2=" ">
            <subfield code="a">Fairbanks, Douglas</subfield>
            <subfield code="d">1883-1939</subfield>
        </datafield>
        <datafield tag="700" ind1="1" ind2=" ">
            <subfield code="a">France, C. V.</subfield>
            <subfield code="d">1868-1949</subfield>
        </datafield>
        <datafield tag="700" ind1="1" ind2=" ">
            <subfield code="a">Galsworthy, John</subfield>
            <subfield code="d">1867-1933</subfield>
        </datafield>
        <datafield tag="700" ind1="1" ind2=" ">
            <subfield code="a">Goulding, Edmund</subfield>
            <subfield code="d">1891-1959</subfield>
        </datafield>
        <datafield tag="700" ind1="1" ind2=" ">
            <subfield code="a">Haye, Helen</subfield>
            <subfield code="d">1874-1957</subfield>
        </datafield>
        <datafield tag="700" ind1="1" ind2=" ">
            <subfield code="a">Hitchcock, Alfred</subfield>
            <subfield code="d">1899-1980</subfield>
        </datafield>
        <datafield tag="700" ind1="1" ind2=" ">
            <subfield code="a">Horton, Edward Everett</subfield>
            <subfield code="d">1886-1970</subfield>
        </datafield>
        <datafield tag="700" ind1="1" ind2=" ">
            <subfield code="a">Janis, Elsie</subfield>
            <subfield code="d">1889-1956</subfield>
        </datafield>
        <datafield tag="700" ind1="1" ind2=" ">
            <subfield code="a">June, Ray</subfield>
            <subfield code="d">1895-1958</subfield>
        </datafield>
        <datafield tag="700" ind1="1" ind2=" ">
            <subfield code="a">Kass, Jerome</subfield>
            <subfield code="d">1937-2015</subfield>
        </datafield>
        <datafield tag="700" ind1="1" ind2=" ">
            <subfield code="a">Marcus, Ann</subfield>
        </datafield>
        <datafield tag="700" ind1="1" ind2=" ">
            <subfield code="a">Maxwell, John</subfield>
            <subfield code="d">1913-1982</subfield>
        </datafield>
        <datafield tag="700" ind1="1" ind2=" ">
            <subfield code="a">Planck, Robert H.</subfield>
            <subfield code="d">1902-1971</subfield>
        </datafield>
        <datafield tag="700" ind1="1" ind2=" ">
            <subfield code="a">Reville, Alma</subfield>
            <subfield code="d">1899-1982</subfield>
        </datafield>
        <datafield tag="700" ind1="1" ind2=" ">
            <subfield code="a">Rugolo, Pete</subfield>
            <subfield code="d">1915-</subfield>
        </datafield>
        <datafield tag="700" ind1="1" ind2=" ">
            <subfield code="a">Sheen, Martin</subfield>
            <subfield code="d">1940-</subfield>
        </datafield>
        <datafield tag="700" ind1="1" ind2=" ">
            <subfield code="a">Southcott, Tim</subfield>
        </datafield>
        <datafield tag="730" ind1="0" ind2="2">
            <subfield code="a">Letters from three lovers</subfield>
            <subfield code="l">Español-Inglés</subfield>
        </datafield>
        <datafield tag="730" ind1="0" ind2="2">
            <subfield code="a">Reaching for the moon</subfield>
            <subfield code="l">Español-Inglés</subfield>
        </datafield>
        <datafield tag="730" ind1="4" ind2="2">
            <subfield code="a">The skin game (Película cinematográfica)</subfield>
            <subfield code="l">Español-Inglés</subfield>
        </datafield>
        <datafield tag="740" ind1="0" ind2="2">
            <subfield code="a">Arriesgándolo todo</subfield>
        </datafield>
        <datafield tag="740" ind1="0" ind2="2">
            <subfield code="a">Juego sucio</subfield>
        </datafield>
        <datafield tag="740" ind1="0" ind2="2">
            <subfield code="a">Tres cartas de amor</subfield>
        </datafield>
    </record>