
    <record>
        <leader>00745cam a2200229   4500</leader>
        <controlfield tag="001">a4318183</controlfield>
        <controlfield tag="003">SpMaBN</controlfield>
        <controlfield tag="005">20090820172907.5</controlfield>
        <controlfield tag="008">080808r20081927xxu    | |||| 000 0 eng  </controlfield>
        <datafield tag="020" ind1=" " ind2=" ">
            <subfield code="a">978-1-40972-485-8</subfield>
        </datafield>
        <datafield tag="080" ind1=" " ind2=" ">
            <subfield code="a">821.111-4"19"</subfield>
        </datafield>
        <datafield tag="100" ind1="1" ind2=" ">
            <subfield code="a">Galsworthy, John</subfield>
            <subfield code="d">1867-1933</subfield>
            <subfield code="0">XX874970</subfield>
        </datafield>
        <datafield tag="245" ind1="1" ind2="0">
            <subfield code="a">Castles in Spain &amp; other screeds</subfield>
            <subfield code="h">[Texto impreso]</subfield>
            <subfield code="c">John Galsworthy</subfield>
        </datafield>
        <datafield tag="260" ind1=" " ind2=" ">
            <subfield code="a">[New York?]</subfield>
            <subfield code="b">[Read Books]</subfield>
            <subfield code="c">[2008]</subfield>
        </datafield>
        <datafield tag="300" ind1=" " ind2=" ">
            <subfield code="a">VII, 189 p.</subfield>
            <subfield code="c">22 cm</subfield>
        </datafield>
        <datafield tag="534" ind1=" " ind2=" ">
            <subfield code="p">Reproducción de la edición de:</subfield>
            <subfield code="c">London : William Heinemann, 1927</subfield>
        </datafield>
        <datafield tag="594" ind1=" " ind2=" ">
            <subfield code="a">Título tomado de la cubierta</subfield>
        </datafield>
    </record>