
    <record>
        <leader>02657ngm a2200577 c 4500</leader>
        <controlfield tag="001">Mivi0000060400</controlfield>
        <controlfield tag="003">SpMaBN</controlfield>
        <controlfield tag="005">20221021110229.6</controlfield>
        <controlfield tag="007">vd*bvaizs</controlfield>
        <controlfield tag="008">221021s2006    sp 090 g          vlspa  </controlfield>
        <datafield tag="017" ind1=" " ind2=" ">
            <subfield code="a">B 7349-2006</subfield>
            <subfield code="b">Oficina Depósito Legal Barcelona</subfield>
        </datafield>
        <datafield tag="024" ind1="3" ind2=" ">
            <subfield code="a">8430526110280</subfield>
        </datafield>
        <datafield tag="028" ind1="4" ind2="0">
            <subfield code="a">11028</subfield>
            <subfield code="b">OK Records</subfield>
        </datafield>
        <datafield tag="041" ind1="1" ind2=" ">
            <subfield code="a">spa</subfield>
            <subfield code="h">eng</subfield>
        </datafield>
        <datafield tag="130" ind1="4" ind2=" ">
            <subfield code="a">The skin game (Película cinematográfica)</subfield>
            <subfield code="l">Español</subfield>
        </datafield>
        <datafield tag="245" ind1="1" ind2="0">
            <subfield code="a">Juego sucio =</subfield>
            <subfield code="b">The skin game</subfield>
            <subfield code="c">dirigido por Alfred Hitchcock</subfield>
        </datafield>
        <datafield tag="264" ind1=" " ind2="1">
            <subfield code="a">[Barcelona]</subfield>
            <subfield code="b">OK Records,</subfield>
            <subfield code="c">[2006]</subfield>
        </datafield>
        <datafield tag="300" ind1=" " ind2=" ">
            <subfield code="a">1 videodisco (aproximadamente 90 min)</subfield>
            <subfield code="b">sonido, blanco y negro</subfield>
            <subfield code="c">12 cm</subfield>
        </datafield>
        <datafield tag="336" ind1=" " ind2=" ">
            <subfield code="a">Imagen bidimensional en movimiento</subfield>
        </datafield>
        <datafield tag="337" ind1=" " ind2=" ">
            <subfield code="a">vídeo</subfield>
        </datafield>
        <datafield tag="338" ind1=" " ind2=" ">
            <subfield code="a">videodisco</subfield>
            <subfield code="b">vd</subfield>
        </datafield>
        <datafield tag="340" ind1=" " ind2=" ">
            <subfield code="g">blanco y negro</subfield>
        </datafield>
        <datafield tag="344" ind1=" " ind2=" ">
            <subfield code="a">digital</subfield>
            <subfield code="b">óptico</subfield>
            <subfield code="h">Dolby Digital 2.1</subfield>
        </datafield>
        <datafield tag="345" ind1=" " ind2=" ">
            <subfield code="c">4:3</subfield>
        </datafield>
        <datafield tag="346" ind1=" " ind2=" ">
            <subfield code="b">PAL</subfield>
        </datafield>
        <datafield tag="347" ind1=" " ind2=" ">
            <subfield code="a">archivo de vídeo</subfield>
            <subfield code="b">DVD-Vídeo</subfield>
            <subfield code="e">todas las regiones</subfield>
        </datafield>
        <datafield tag="490" ind1="0" ind2=" ">
            <subfield code="a">Alfred Hitchcock</subfield>
        </datafield>
        <datafield tag="500" ind1=" " ind2=" ">
            <subfield code="a">Basada en la obra de teatro homónima de John Galsworthy</subfield>
        </datafield>
        <datafield tag="500" ind1=" " ind2=" ">
            <subfield code="a">Largometraje realizado en Reino Unido en 1931</subfield>
        </datafield>
        <datafield tag="508" ind1=" " ind2=" ">
            <subfield code="a">Una producción de British International Pictures ; producción, John Maxwell ; adaptación, Alfred Hitchcock ; guion, Alma Reville ; fotografía, J.J. Cox</subfield>
        </datafield>
        <datafield tag="511" ind1="1" ind2=" ">
            <subfield code="a">C.V. France, Helen Haye, Jill Esmond</subfield>
        </datafield>
        <datafield tag="520" ind1="3" ind2=" ">
            <subfield code="a">Una familia de ricos terratenienttes, los Hillcrest y una familia de comerciantes, los Hornblower, siente entre sí un profundo odio. Ambas tratan de hacerse mal en cuanto tienen oportunidad. Y está se presenta cuando los Jackman están a punto de perder sus tierras por acción de los Hillcrest. A partir de este momento los Hornblower se erigen en defensores de los Jackman y comienza una dura lucha entre los dos poderosos</subfield>
        </datafield>
        <datafield tag="521" ind1="1" ind2=" ">
            <subfield code="a">Apta para todos los públicos</subfield>
        </datafield>
        <datafield tag="546" ind1=" " ind2=" ">
            <subfield code="a">Versión en español</subfield>
        </datafield>
        <datafield tag="700" ind1="1" ind2=" ">
            <subfield code="a">Cox, Jack E.</subfield>
            <subfield code="d">1896-1960</subfield>
            <subfield code="e">director de fotografía</subfield>
        </datafield>
        <datafield tag="700" ind1="1" ind2=" ">
            <subfield code="a">Esmond, Jill</subfield>
            <subfield code="d">1908-1990</subfield>
            <subfield code="e">actor</subfield>
        </datafield>
        <datafield tag="700" ind1="1" ind2=" ">
            <subfield code="a">France, C. V.</subfield>
            <subfield code="d">1868-1949</subfield>
            <subfield code="e">actor</subfield>
        </datafield>
        <datafield tag="700" ind1="1" ind2=" ">
            <subfield code="a">Galsworthy, John</subfield>
            <subfield code="d">1867-1933</subfield>
            <subfield code="e">idea original</subfield>
        </datafield>
        <datafield tag="700" ind1="1" ind2=" ">
            <subfield code="a">Haye, Helen</subfield>
            <subfield code="d">1874-1957</subfield>
            <subfield code="e">actor</subfield>
        </datafield>
        <datafield tag="700" ind1="1" ind2=" ">
            <subfield code="a">Hitchcock, Alfred</subfield>
            <subfield code="d">1899-1980</subfield>
            <subfield code="e">director de cine</subfield>
            <subfield code="e">adaptador</subfield>
        </datafield>
        <datafield tag="700" ind1="1" ind2=" ">
            <subfield code="a">Maxwell, John</subfield>
            <subfield code="d">1913-1982</subfield>
            <subfield code="e">productor</subfield>
        </datafield>
        <datafield tag="700" ind1="1" ind2=" ">
            <subfield code="a">Reville, Alma</subfield>
            <subfield code="d">1899-1982</subfield>
            <subfield code="e">guionista</subfield>
        </datafield>
    </record>