
    <record>
        <leader>01898cgm a2200469   4500</leader>
        <controlfield tag="001">bivi0000049747</controlfield>
        <controlfield tag="003">SpMaBN</controlfield>
        <controlfield tag="005">20200528121312.5</controlfield>
        <controlfield tag="007">vf cbahos</controlfield>
        <controlfield tag="008">061130s1993    sp 090 e          1 spa| </controlfield>
        <datafield tag="016" ind1="7" ind2=" ">
            <subfield code="a">biviBNE20060319003</subfield>
            <subfield code="2">SpMaBN</subfield>
        </datafield>
        <datafield tag="017" ind1=" " ind2=" ">
            <subfield code="a">B 24143-1993</subfield>
            <subfield code="b">Oficina Depósito Legal Barcelona</subfield>
        </datafield>
        <datafield tag="028" ind1="4" ind2="0">
            <subfield code="a">8189</subfield>
            <subfield code="b">Record Vision Video Entertainment</subfield>
        </datafield>
        <datafield tag="041" ind1="1" ind2=" ">
            <subfield code="a">spa</subfield>
            <subfield code="d">eng</subfield>
        </datafield>
        <datafield tag="130" ind1="0" ind2=" ">
            <subfield code="a">Femme fatale (Película cinematográfica : 1991)</subfield>
            <subfield code="l">Español</subfield>
        </datafield>
        <datafield tag="245" ind1="1" ind2="0">
            <subfield code="a">Pasado oculto</subfield>
            <subfield code="h">[Videograbación]</subfield>
            <subfield code="c">directed by Andre R. Guttfreund ; writen by Michael Ferris &amp; John D. Brancato ; music by Parmer Fuller ; director of photografey, Joey Forsyte</subfield>
        </datafield>
        <datafield tag="260" ind1=" " ind2=" ">
            <subfield code="a">Barcelona</subfield>
            <subfield code="b">Record Vision Video Entertainment</subfield>
            <subfield code="c">D.L. 1993</subfield>
        </datafield>
        <datafield tag="300" ind1=" " ind2=" ">
            <subfield code="a">1 videocasete (Beta) (90 min)</subfield>
            <subfield code="b">son., col.</subfield>
        </datafield>
        <datafield tag="511" ind1="1" ind2=" ">
            <subfield code="a">Colin Firth, Lisa Zane, Billy Zane</subfield>
        </datafield>
        <datafield tag="518" ind1=" " ind2=" ">
            <subfield code="a">Realizada en 1991 en los Estados Unidos</subfield>
        </datafield>
        <datafield tag="520" ind1="3" ind2=" ">
            <subfield code="a">Cuando el recién casado Joseph Prince llega a casa y no encuentra a su mujer, misteriosamente desaparecida, se lanza en su busca dispuesto a todos los sacrificios, ayudado en la tarea por su amigo Hooper</subfield>
        </datafield>
        <datafield tag="521" ind1=" " ind2=" ">
            <subfield code="a">No recomendada menores de 18 años</subfield>
        </datafield>
        <datafield tag="546" ind1=" " ind2=" ">
            <subfield code="a">Doblada en español</subfield>
        </datafield>
        <datafield tag="700" ind1="1" ind2=" ">
            <subfield code="a">Brancato, John D.</subfield>
        </datafield>
        <datafield tag="700" ind1="1" ind2=" ">
            <subfield code="a">Ferris, Michael</subfield>
        </datafield>
        <datafield tag="700" ind1="1" ind2=" ">
            <subfield code="a">Firth, Colin</subfield>
            <subfield code="d">1960-</subfield>
        </datafield>
        <datafield tag="700" ind1="1" ind2=" ">
            <subfield code="a">Forsyte, Joey</subfield>
        </datafield>
        <datafield tag="700" ind1="1" ind2=" ">
            <subfield code="a">Fuller, Parmer</subfield>
        </datafield>
        <datafield tag="700" ind1="1" ind2=" ">
            <subfield code="a">Guttfreund, André R.</subfield>
        </datafield>
        <datafield tag="700" ind1="1" ind2=" ">
            <subfield code="a">Zane, Billy</subfield>
            <subfield code="d">1966-</subfield>
        </datafield>
        <datafield tag="700" ind1="1" ind2=" ">
            <subfield code="a">Zane, Lisa</subfield>
            <subfield code="d">1961-</subfield>
        </datafield>
    </record>