
    <record>
        <leader>01187ngm a2200301   4500</leader>
        <controlfield tag="001">bivi0000014453</controlfield>
        <controlfield tag="003">SpMaBN</controlfield>
        <controlfield tag="005">19991209000000.5</controlfield>
        <controlfield tag="007">vf cbahom</controlfield>
        <controlfield tag="008">950321s1993    sp 099 e         1vlspa  </controlfield>
        <datafield tag="016" ind1="7" ind2=" ">
            <subfield code="a">biviBNE19950002248</subfield>
            <subfield code="2">SpMaBN</subfield>
        </datafield>
        <datafield tag="017" ind1=" " ind2=" ">
            <subfield code="a">M 406-1993</subfield>
            <subfield code="b">Oficina Depósito Legal Madrid</subfield>
        </datafield>
        <datafield tag="028" ind1="4" ind2="0">
            <subfield code="a">13513</subfield>
        </datafield>
        <datafield tag="041" ind1="1" ind2=" ">
            <subfield code="a">spa</subfield>
            <subfield code="d">eng</subfield>
        </datafield>
        <datafield tag="130" ind1="4" ind2=" ">
            <subfield code="a">The dark backward</subfield>
            <subfield code="l">Español</subfield>
        </datafield>
        <datafield tag="245" ind1="1" ind2="0">
            <subfield code="a">Marty el chepa</subfield>
            <subfield code="h">[Videograbación]</subfield>
            <subfield code="b">= The dark backward</subfield>
            <subfield code="c">written and directed by Adam Rifkin ; director of photography, Joey Forsyte ; original score composed and conducted by Marc David Decker ; produced by Brad Wyman and Cassian Elwes</subfield>
        </datafield>
        <datafield tag="260" ind1=" " ind2=" ">
            <subfield code="a">Madrid</subfield>
            <subfield code="b">distribuido por Columbia Tristar Home Video</subfield>
            <subfield code="c">D.L. 1993</subfield>
        </datafield>
        <datafield tag="300" ind1=" " ind2=" ">
            <subfield code="a">1 videocasete (VHS) (99 min)</subfield>
            <subfield code="b">son., col.</subfield>
        </datafield>
        <datafield tag="511" ind1="1" ind2=" ">
            <subfield code="a">Judd Nelson, Bill Paxton, Wayne Newton, etc.</subfield>
        </datafield>
        <datafield tag="521" ind1=" " ind2=" ">
            <subfield code="a">No recomendada para menores de 18 años</subfield>
        </datafield>
        <datafield tag="546" ind1=" " ind2=" ">
            <subfield code="a">Doblada en español</subfield>
        </datafield>
    </record>