
    <record>
        <leader>01038ngm a22002653  4500</leader>
        <controlfield tag="001">bivi0000046416</controlfield>
        <controlfield tag="003">SpMaBN</controlfield>
        <controlfield tag="005">20070131000000.4</controlfield>
        <controlfield tag="007">vf cbahos</controlfield>
        <controlfield tag="008">070131s1991    sp 087 e     ||   vlspa  </controlfield>
        <datafield tag="016" ind1="7" ind2=" ">
            <subfield code="a">biviBNE20070047124</subfield>
            <subfield code="2">SpMaBN</subfield>
        </datafield>
        <datafield tag="017" ind1=" " ind2=" ">
            <subfield code="a">M 40532-1991</subfield>
            <subfield code="b">Oficina Depósito Legal Madrid</subfield>
        </datafield>
        <datafield tag="130" ind1="0" ind2=" ">
            <subfield code="a">Seeds of tragedy</subfield>
            <subfield code="l">Español</subfield>
        </datafield>
        <datafield tag="245" ind1="1" ind2="0">
            <subfield code="a">Semillas de tragedia</subfield>
            <subfield code="h">[Videograbación]</subfield>
            <subfield code="b">= Seeds of tragedy</subfield>
            <subfield code="c">escrita por Alex Lasker ; dirigida por Martin Donovan ; música de Gerald Gouriet ; fotografía, Joey Forsyte ; producción, Robert Engelman</subfield>
        </datafield>
        <datafield tag="260" ind1=" " ind2=" ">
            <subfield code="a">Madrid</subfield>
            <subfield code="b">Fox Video</subfield>
            <subfield code="c">D.L. 1991</subfield>
        </datafield>
        <datafield tag="300" ind1=" " ind2=" ">
            <subfield code="a">1 videocasete (VHS) (aprox. 87 min)</subfield>
            <subfield code="b">son., col.</subfield>
        </datafield>
        <datafield tag="511" ind1="1" ind2=" ">
            <subfield code="a">Richard Bairos, Sarah Buxton, Juan Ignacio Aranda</subfield>
        </datafield>
    </record>