
    <record>
        <leader>01112ngm a22002891i 4500</leader>
        <controlfield tag="001">bivi0000024187</controlfield>
        <controlfield tag="003">SpMaBN</controlfield>
        <controlfield tag="005">20001229000000.6</controlfield>
        <controlfield tag="007">vf cbahou</controlfield>
        <controlfield tag="008">931015s1991    sp 082           1vlspa  </controlfield>
        <datafield tag="016" ind1="7" ind2=" ">
            <subfield code="a">biviBNE19950021272</subfield>
            <subfield code="z">BNE1993511312</subfield>
            <subfield code="2">SpMaBN</subfield>
        </datafield>
        <datafield tag="017" ind1=" " ind2=" ">
            <subfield code="a">B 40049-1991</subfield>
            <subfield code="b">Oficina Depósito Legal Barcelona</subfield>
        </datafield>
        <datafield tag="028" ind1="4" ind2="0">
            <subfield code="a">M-3250</subfield>
        </datafield>
        <datafield tag="041" ind1="1" ind2=" ">
            <subfield code="a">spa</subfield>
        </datafield>
        <datafield tag="245" ind1="0" ind2="0">
            <subfield code="a">Alexa</subfield>
            <subfield code="h">[Videograbación]</subfield>
            <subfield code="c">directed by Sea Delgado ; director of photography, Joey Forsyte ; music composed by Gregory Alper ; screenplay by Jean Delgado, Peggy Bruen ; produced by Peggy Bruen</subfield>
        </datafield>
        <datafield tag="260" ind1=" " ind2=" ">
            <subfield code="a">Barcelona</subfield>
            <subfield code="b">Record Visión Video Entertainment</subfield>
            <subfield code="c">D.L. 1991</subfield>
        </datafield>
        <datafield tag="300" ind1=" " ind2=" ">
            <subfield code="a">1 videocasete (VHS) (82 min)</subfield>
            <subfield code="b">son., col.</subfield>
        </datafield>
        <datafield tag="500" ind1=" " ind2=" ">
            <subfield code="a">Doblada en español</subfield>
        </datafield>
        <datafield tag="500" ind1=" " ind2=" ">
            <subfield code="a">No recomendada menores de 18 años</subfield>
        </datafield>
        <datafield tag="511" ind1="0" ind2=" ">
            <subfield code="a">Int.: Cristine Moore, Kirk Baily, Ruth Corrine Collins</subfield>
        </datafield>
    </record>