
    <record>
        <leader>01748nam a2200385 i 4500</leader>
        <controlfield tag="001">bimo0000089458</controlfield>
        <controlfield tag="003">SpMaBN</controlfield>
        <controlfield tag="005">20230717010132.2</controlfield>
        <controlfield tag="008">901210s1989    sp                  spa  </controlfield>
        <datafield tag="016" ind1="7" ind2=" ">
            <subfield code="a">bimoBNE19910907310</subfield>
            <subfield code="z">SAB9000098167</subfield>
            <subfield code="2">SpMaBN</subfield>
        </datafield>
        <datafield tag="017" ind1=" " ind2=" ">
            <subfield code="a">BI 165-1989</subfield>
            <subfield code="b">Oficina Depósito Legal Vizcaya</subfield>
        </datafield>
        <datafield tag="020" ind1=" " ind2=" ">
            <subfield code="a">84-7461-154-7</subfield>
        </datafield>
        <datafield tag="080" ind1=" " ind2=" ">
            <subfield code="a">820-23"19"</subfield>
        </datafield>
        <datafield tag="100" ind1="1" ind2=" ">
            <subfield code="a">Galsworthy, John</subfield>
            <subfield code="d">1867-1933</subfield>
            <subfield code="0">XX874970</subfield>
        </datafield>
        <datafield tag="240" ind1="1" ind2="0">
            <subfield code="a">Obras escogidas</subfield>
        </datafield>
        <datafield tag="245" ind1="1" ind2="0">
            <subfield code="a">Obras escogidas</subfield>
            <subfield code="h">[Texto impreso]</subfield>
            <subfield code="c">John Galsworthy</subfield>
        </datafield>
        <datafield tag="260" ind1=" " ind2=" ">
            <subfield code="a">Madrid</subfield>
            <subfield code="b">Promoción y Ediciones</subfield>
            <subfield code="c">D.L. 1989</subfield>
        </datafield>
        <datafield tag="300" ind1=" " ind2=" ">
            <subfield code="a">361 p.</subfield>
            <subfield code="c">20 cm</subfield>
        </datafield>
        <datafield tag="490" ind1="1" ind2=" ">
            <subfield code="a">Premios Nobel de literatura</subfield>
        </datafield>
        <datafield tag="505" ind1="0" ind2=" ">
            <subfield code="a">La huelga ; La justicia ; El mayorazgo ; Lealtad ; Evasión</subfield>
        </datafield>
        <datafield tag="830" ind1=" " ind2="0">
            <subfield code="a">Premios Nobel de literatura (S.A. de Promoción y Ediciones)</subfield>
        </datafield>
    </record>