
    <record>
        <leader>01283nam a2200313 i 4500</leader>
        <controlfield tag="001">bimo0000066862</controlfield>
        <controlfield tag="003">SpMaBN</controlfield>
        <controlfield tag="005">20200515011448.6</controlfield>
        <controlfield tag="008">900228s1988    xxk                 eng  </controlfield>
        <datafield tag="016" ind1="7" ind2=" ">
            <subfield code="a">bimoBNE19910677415</subfield>
            <subfield code="z">SAB9000073856</subfield>
            <subfield code="2">SpMaBN</subfield>
        </datafield>
        <datafield tag="017" ind1=" " ind2=" ">
            <subfield code="a">B 7430-1988</subfield>
            <subfield code="b">Oficina Depósito Legal Barcelona</subfield>
        </datafield>
        <datafield tag="020" ind1=" " ind2=" ">
            <subfield code="a">0-86307-697-1</subfield>
        </datafield>
        <datafield tag="080" ind1=" " ind2=" ">
            <subfield code="a">820-31"19"</subfield>
        </datafield>
        <datafield tag="100" ind1="1" ind2=" ">
            <subfield code="a">Galsworthy, John</subfield>
            <subfield code="d">1867-1933</subfield>
            <subfield code="0">XX874970</subfield>
        </datafield>
        <datafield tag="245" ind1="1" ind2="4">
            <subfield code="a">The Forsyte saga</subfield>
            <subfield code="h">[Texto impreso]</subfield>
            <subfield code="c">John Galsworthy</subfield>
        </datafield>
        <datafield tag="260" ind1=" " ind2=" ">
            <subfield code="a">London</subfield>
            <subfield code="b">M. Cavendish</subfield>
            <subfield code="c">1988</subfield>
            <subfield code="e">[Barcelona]</subfield>
            <subfield code="f">Printer</subfield>
        </datafield>
        <datafield tag="300" ind1=" " ind2=" ">
            <subfield code="a">792 p.</subfield>
            <subfield code="b">1 retr.</subfield>
            <subfield code="c">21 cm</subfield>
        </datafield>
        <datafield tag="440" ind1=" " ind2="4">
            <subfield code="a">The great writers library</subfield>
        </datafield>
    </record>