
    <record>
        <leader>01394nam a2200373   4500</leader>
        <controlfield tag="001">bimo0000202786</controlfield>
        <controlfield tag="003">SpMaBN</controlfield>
        <controlfield tag="005">20201117012314.3</controlfield>
        <controlfield tag="008">880919s1985    sp a          001   spa  </controlfield>
        <datafield tag="016" ind1="7" ind2=" ">
            <subfield code="a">bimoBNE19921180628</subfield>
            <subfield code="z">IBH8605105672</subfield>
            <subfield code="2">SpMaBN</subfield>
        </datafield>
        <datafield tag="017" ind1=" " ind2=" ">
            <subfield code="a">M 33992-1985</subfield>
            <subfield code="b">Oficina Depósito Legal Madrid</subfield>
        </datafield>
        <datafield tag="020" ind1=" " ind2=" ">
            <subfield code="a">84-7525-304-0</subfield>
        </datafield>
        <datafield tag="041" ind1="1" ind2=" ">
            <subfield code="a">spa</subfield>
        </datafield>
        <datafield tag="080" ind1=" " ind2=" ">
            <subfield code="a">087.5:830-34"19"</subfield>
        </datafield>
        <datafield tag="100" ind1="1" ind2=" ">
            <subfield code="a">Salten, Felix</subfield>
            <subfield code="d">1869-1945</subfield>
            <subfield code="0">XX994858</subfield>
        </datafield>
        <datafield tag="245" ind1="1" ind2="0">
            <subfield code="a">Bambi</subfield>
            <subfield code="h">[Texto impreso] :</subfield>
            <subfield code="b">(historia de una vida del bosque)</subfield>
            <subfield code="c">Félix Salten ; prólogo, John Galsworthy ; traducción, María Dolores Abalos ; apéndice, Emilio Pascual ; ilustración Esperanza Sánchez</subfield>
        </datafield>
        <datafield tag="250" ind1=" " ind2=" ">
            <subfield code="a">1ª ed.</subfield>
        </datafield>
        <datafield tag="260" ind1=" " ind2=" ">
            <subfield code="a">Madrid</subfield>
            <subfield code="b">Ediciones Generales Anaya</subfield>
            <subfield code="c">1985</subfield>
        </datafield>
        <datafield tag="300" ind1=" " ind2=" ">
            <subfield code="a">207 p.</subfield>
            <subfield code="b">il. col. y n.</subfield>
            <subfield code="c">25 cm</subfield>
        </datafield>
        <datafield tag="490" ind1="0" ind2=" ">
            <subfield code="a">Laurín</subfield>
        </datafield>
        <datafield tag="500" ind1=" " ind2=" ">
            <subfield code="a">Traducción de: Bambi</subfield>
        </datafield>
        <datafield tag="504" ind1=" " ind2=" ">
            <subfield code="a">Bibliografía</subfield>
        </datafield>
        <datafield tag="700" ind1="1" ind2=" ">
            <subfield code="a">Ábalos, María Dolores</subfield>
        </datafield>
        <datafield tag="700" ind1="1" ind2=" ">
            <subfield code="a">Galsworthy, John</subfield>
            <subfield code="d">1867-1933</subfield>
        </datafield>
        <datafield tag="700" ind1="1" ind2=" ">
            <subfield code="a">Pascual, Emilio</subfield>
            <subfield code="d">1948-</subfield>
        </datafield>
        <datafield tag="700" ind1="1" ind2=" ">
            <subfield code="a">Sánchez, Esperanza</subfield>
        </datafield>
    </record>