
    <record>
        <leader>01283nam a2200337   4500</leader>
        <controlfield tag="001">Mimo0000232418</controlfield>
        <controlfield tag="003">SpMaBN</controlfield>
        <controlfield tag="005">20200515022459.6</controlfield>
        <controlfield tag="008">840810s1984    sp           0000   spa  </controlfield>
        <datafield tag="016" ind1="7" ind2=" ">
            <subfield code="a">bimoBNE19921516137</subfield>
            <subfield code="z">IBH8405813358</subfield>
            <subfield code="2">SpMaBN</subfield>
        </datafield>
        <datafield tag="017" ind1=" " ind2=" ">
            <subfield code="a">B 40353-1983</subfield>
            <subfield code="b">Oficina Depósito Legal Barcelona</subfield>
        </datafield>
        <datafield tag="020" ind1=" " ind2=" ">
            <subfield code="a">84-7530-411-7</subfield>
        </datafield>
        <datafield tag="041" ind1="1" ind2=" ">
            <subfield code="a">spa</subfield>
            <subfield code="a">eng</subfield>
        </datafield>
        <datafield tag="080" ind1=" " ind2=" ">
            <subfield code="a">820-31"19"</subfield>
        </datafield>
        <datafield tag="100" ind1="1" ind2=" ">
            <subfield code="a">Galsworthy, John</subfield>
            <subfield code="d">1867-1933</subfield>
            <subfield code="0">XX874970</subfield>
        </datafield>
        <datafield tag="240" ind1="1" ind2="0">
            <subfield code="a">Maid in waiting</subfield>
            <subfield code="l">Español</subfield>
        </datafield>
        <datafield tag="245" ind1="1" ind2="0">
            <subfield code="a">Esperanzas juveniles</subfield>
            <subfield code="h">[Texto impreso]</subfield>
            <subfield code="c">John Galsworthy ; [traducción de Emilia Bertel]</subfield>
        </datafield>
        <datafield tag="260" ind1=" " ind2=" ">
            <subfield code="a">[Esplugas de Llobregat, Barcelona]</subfield>
            <subfield code="b">Orbis</subfield>
            <subfield code="c">[1984]</subfield>
        </datafield>
        <datafield tag="300" ind1=" " ind2=" ">
            <subfield code="a">302 p.</subfield>
            <subfield code="c">20 cm</subfield>
        </datafield>
        <datafield tag="490" ind1="0" ind2=" ">
            <subfield code="a">Los Premios Nobel</subfield>
            <subfield code="v">67</subfield>
        </datafield>
        <datafield tag="700" ind1="1" ind2=" ">
            <subfield code="a">Bertel, Emilia</subfield>
        </datafield>
    </record>