
    <record>
        <leader>01038nam a22003011i 4500</leader>
        <controlfield tag="001">bimo0001529094</controlfield>
        <controlfield tag="003">SpMaBN</controlfield>
        <controlfield tag="005">20071112000000.2</controlfield>
        <controlfield tag="008">900703s1983    mx                  spa  </controlfield>
        <datafield tag="016" ind1="7" ind2=" ">
            <subfield code="a">bimoBNE20001104534</subfield>
            <subfield code="z">BEX1008009</subfield>
            <subfield code="2">SpMaBN</subfield>
        </datafield>
        <datafield tag="020" ind1=" " ind2=" ">
            <subfield code="a">968-18-0815-0</subfield>
        </datafield>
        <datafield tag="041" ind1="1" ind2=" ">
            <subfield code="a">spa</subfield>
        </datafield>
        <datafield tag="080" ind1=" " ind2=" ">
            <subfield code="a">681.31.06 BASIC</subfield>
        </datafield>
        <datafield tag="245" ind1="0" ind2="0">
            <subfield code="a">Programación BASIC</subfield>
            <subfield code="h">[Texto impreso]</subfield>
            <subfield code="c">Alexandra I. Forsyte... [et al. ; versión, José Meza Nieto ; revisión, Antonio Olivera Salazar]</subfield>
        </datafield>
        <datafield tag="250" ind1=" " ind2=" ">
            <subfield code="a">[1ª ed., 6ª reimp.]</subfield>
        </datafield>
        <datafield tag="260" ind1=" " ind2=" ">
            <subfield code="a">México</subfield>
            <subfield code="b">Limusa</subfield>
            <subfield code="c">1983</subfield>
        </datafield>
        <datafield tag="300" ind1=" " ind2=" ">
            <subfield code="a">140 p.</subfield>
            <subfield code="c">23 cm</subfield>
        </datafield>
        <datafield tag="490" ind1="0" ind2=" ">
            <subfield code="a">Técnicas de Computación</subfield>
        </datafield>
        <datafield tag="700" ind1="1" ind2=" ">
            <subfield code="a">Forsyte, Alexandra I.</subfield>
        </datafield>
        <datafield tag="700" ind1="1" ind2=" ">
            <subfield code="a">Meza Nieto, José</subfield>
        </datafield>
        <datafield tag="700" ind1="1" ind2=" ">
            <subfield code="a">Olivera Salazar, Antonio</subfield>
        </datafield>
    </record>