
    <record>
        <leader>01229nam a22003131i 4500</leader>
        <controlfield tag="001">bimo0000897393</controlfield>
        <controlfield tag="003">SpMaBN</controlfield>
        <controlfield tag="005">20200515014223.6</controlfield>
        <controlfield tag="008">900725s1978    sp                  spa  </controlfield>
        <datafield tag="016" ind1="7" ind2=" ">
            <subfield code="a">bimoBNE19981418486</subfield>
            <subfield code="2">SpMaBN</subfield>
        </datafield>
        <datafield tag="017" ind1=" " ind2=" ">
            <subfield code="a">B 49794-1977</subfield>
            <subfield code="b">Oficina Depósito Legal Barcelona</subfield>
        </datafield>
        <datafield tag="020" ind1=" " ind2=" ">
            <subfield code="a">84-320-2716-2</subfield>
            <subfield code="c">200 pts.</subfield>
        </datafield>
        <datafield tag="041" ind1="1" ind2=" ">
            <subfield code="a">spa</subfield>
            <subfield code="h">eng</subfield>
        </datafield>
        <datafield tag="080" ind1=" " ind2=" ">
            <subfield code="a">820-31"19"</subfield>
        </datafield>
        <datafield tag="100" ind1="1" ind2=" ">
            <subfield code="a">Galsworthy, John</subfield>
            <subfield code="d">1867-1933</subfield>
            <subfield code="0">XX874970</subfield>
        </datafield>
        <datafield tag="240" ind1="1" ind2="4">
            <subfield code="a">The silver spoon</subfield>
            <subfield code="l">Español</subfield>
        </datafield>
        <datafield tag="245" ind1="1" ind2="3">
            <subfield code="a">La cuchara de plata</subfield>
            <subfield code="h">[Texto impreso] :</subfield>
            <subfield code="b">precedida por el interludio Ungalanteo silencioso</subfield>
            <subfield code="c">[por] John Galsworthy ; [traducción del inglés por León Mirlas]</subfield>
        </datafield>
        <datafield tag="260" ind1=" " ind2=" ">
            <subfield code="a">Barcelona</subfield>
            <subfield code="b">Planeta ;</subfield>
            <subfield code="a">Buenos Aires</subfield>
            <subfield code="b">Edit. Sudamericana</subfield>
            <subfield code="c">1978</subfield>
        </datafield>
        <datafield tag="300" ind1=" " ind2=" ">
            <subfield code="a">346 p., 2 h.</subfield>
            <subfield code="c">18 cm</subfield>
        </datafield>
        <datafield tag="490" ind1="0" ind2=" ">
            <subfield code="a">Colecciones populares Planeta: Mayor</subfield>
            <subfield code="v">16</subfield>
        </datafield>
    </record>