
    <record>
        <leader>01506nam a22003611  4500</leader>
        <controlfield tag="001">bimo0000897390</controlfield>
        <controlfield tag="003">SpMaBN</controlfield>
        <controlfield tag="005">20210422022115.5</controlfield>
        <controlfield tag="008">900725s1967    sp                  spa  </controlfield>
        <datafield tag="016" ind1="7" ind2=" ">
            <subfield code="a">bimoBNE19981418453</subfield>
            <subfield code="2">SpMaBN</subfield>
        </datafield>
        <datafield tag="017" ind1=" " ind2=" ">
            <subfield code="a">M 1608-1967</subfield>
            <subfield code="b">Oficina Depósito Legal Madrid</subfield>
        </datafield>
        <datafield tag="080" ind1=" " ind2=" ">
            <subfield code="a">82-821"19"</subfield>
        </datafield>
        <datafield tag="100" ind1="1" ind2=" ">
            <subfield code="a">Galsworthy, John</subfield>
            <subfield code="d">1867-1933</subfield>
            <subfield code="0">XX874970</subfield>
        </datafield>
        <datafield tag="240" ind1="1" ind2="0">
            <subfield code="a">Obras escogidas</subfield>
        </datafield>
        <datafield tag="245" ind1="1" ind2="0">
            <subfield code="a">Obras escogidas</subfield>
            <subfield code="h">[Texto impreso]</subfield>
            <subfield code="c">Traducción de Juan García Puente y Agustín Caballero. Prólogo de R.H. Mottram</subfield>
        </datafield>
        <datafield tag="260" ind1=" " ind2=" ">
            <subfield code="a">[Madrid]</subfield>
            <subfield code="b">Aguilar</subfield>
            <subfield code="c">[1967]</subfield>
        </datafield>
        <datafield tag="300" ind1=" " ind2=" ">
            <subfield code="a">1401 p.</subfield>
            <subfield code="b">lám.</subfield>
            <subfield code="c">18 cm</subfield>
        </datafield>
        <datafield tag="490" ind1="0" ind2=" ">
            <subfield code="a">Biblioteca "Premios Nobel"</subfield>
        </datafield>
        <datafield tag="505" ind1="0" ind2=" ">
            <subfield code="a">La saga de los Forsyte, La Huelga, Justicia, El mayorazgo, Lealtades, Evasión</subfield>
        </datafield>
        <datafield tag="700" ind1="1" ind2=" ">
            <subfield code="a">Caballero Robredo, Agustín</subfield>
        </datafield>
        <datafield tag="700" ind1="1" ind2=" ">
            <subfield code="a">García-Puente, Juan</subfield>
        </datafield>
        <datafield tag="700" ind1="1" ind2=" ">
            <subfield code="a">Mottram, R. H.</subfield>
            <subfield code="d">1883-1971</subfield>
        </datafield>
    </record>