
    <record>
        <leader>01385nam a22003491  4500</leader>
        <controlfield tag="001">bimo0000897419</controlfield>
        <controlfield tag="003">SpMaBN</controlfield>
        <controlfield tag="005">20140301013539.7</controlfield>
        <controlfield tag="008">900725s1966    sp                  spa  </controlfield>
        <datafield tag="016" ind1="7" ind2=" ">
            <subfield code="a">bimoBNE19981418745</subfield>
            <subfield code="2">SpMaBN</subfield>
        </datafield>
        <datafield tag="017" ind1=" " ind2=" ">
            <subfield code="a">B 18844-1966 (XXII)</subfield>
            <subfield code="b">Oficina Depósito Legal Barcelona</subfield>
        </datafield>
        <datafield tag="080" ind1=" " ind2=" ">
            <subfield code="a">8-31"19"(082)</subfield>
        </datafield>
        <datafield tag="100" ind1="1" ind2=" ">
            <subfield code="a">Galsworthy, John</subfield>
            <subfield code="d">1867-1933</subfield>
            <subfield code="0">XX874970</subfield>
        </datafield>
        <datafield tag="240" ind1="1" ind2="3">
            <subfield code="a">La salvación de un Forsyte</subfield>
        </datafield>
        <datafield tag="245" ind1="1" ind2="3">
            <subfield code="a">La salvación de un Forsyte</subfield>
            <subfield code="h">[Texto impreso]</subfield>
            <subfield code="c">Sigrid Undset, Selma Froter. Ivo Andric, La señorita. [Traducciones de Mª Teresa Gispert] [y otros]</subfield>
        </datafield>
        <datafield tag="260" ind1=" " ind2=" ">
            <subfield code="a">[Barcelona]</subfield>
            <subfield code="b">Luis de Caralt</subfield>
            <subfield code="c">[1966]</subfield>
        </datafield>
        <datafield tag="300" ind1=" " ind2=" ">
            <subfield code="a">476 p., 1 h.</subfield>
            <subfield code="c">18 cm</subfield>
        </datafield>
        <datafield tag="490" ind1="0" ind2=" ">
            <subfield code="a">Los Premios Nobel de Literatura</subfield>
            <subfield code="v">v. 22</subfield>
        </datafield>
        <datafield tag="700" ind1="1" ind2=" ">
            <subfield code="a">Andrić, Ivo</subfield>
            <subfield code="d">1892-1975</subfield>
        </datafield>
        <datafield tag="700" ind1="1" ind2=" ">
            <subfield code="a">Gispert, María Teresa</subfield>
        </datafield>
        <datafield tag="700" ind1="1" ind2=" ">
            <subfield code="a">Undset, Sigrid</subfield>
            <subfield code="d">1882-1949</subfield>
        </datafield>
        <datafield tag="740" ind1="0" ind2=" ">
            <subfield code="a">Selma Broter.</subfield>
        </datafield>
        <datafield tag="740" ind1="3" ind2=" ">
            <subfield code="a">La Señorita.</subfield>
        </datafield>
    </record>