
    <record>
        <leader>01362nam a22003251  4500</leader>
        <controlfield tag="001">bimo0001075567</controlfield>
        <controlfield tag="003">SpMaBN</controlfield>
        <controlfield tag="005">20200515014612.6</controlfield>
        <controlfield tag="008">900725s1963    sp                  spa  </controlfield>
        <datafield tag="016" ind1="7" ind2=" ">
            <subfield code="a">bimoBNE19983245969</subfield>
            <subfield code="z">IND9200483909</subfield>
            <subfield code="2">SpMaBN</subfield>
        </datafield>
        <datafield tag="017" ind1=" " ind2=" ">
            <subfield code="a">B 29005-1963</subfield>
            <subfield code="b">Oficina Depósito Legal Barcelona</subfield>
        </datafield>
        <datafield tag="080" ind1=" " ind2=" ">
            <subfield code="a">8-311.2"19"</subfield>
        </datafield>
        <datafield tag="100" ind1="1" ind2=" ">
            <subfield code="a">Lagerlöf, Selma</subfield>
            <subfield code="d">1858-1940</subfield>
            <subfield code="0">XX906402</subfield>
        </datafield>
        <datafield tag="245" ind1="1" ind2="3">
            <subfield code="a">La leyenda de Gösta Berling</subfield>
            <subfield code="h">[Texto impreso]</subfield>
            <subfield code="c">Selma Lagerlöf. John Galsworthy, Un galanteo silencioso. Rudyard Kipling, El collar sagrado ; [traductores, R.A. Slavy, M. Espanyol, Luis Elías]</subfield>
        </datafield>
        <datafield tag="260" ind1=" " ind2=" ">
            <subfield code="a">Barcelona</subfield>
            <subfield code="b">G.P.</subfield>
            <subfield code="c">[1963]</subfield>
            <subfield code="f">Guada</subfield>
        </datafield>
        <datafield tag="300" ind1=" " ind2=" ">
            <subfield code="a">498 p.</subfield>
            <subfield code="c">18 cm</subfield>
        </datafield>
        <datafield tag="490" ind1="0" ind2=" ">
            <subfield code="a">Los premios Nobel de literatura</subfield>
            <subfield code="v">v. 8</subfield>
        </datafield>
        <datafield tag="700" ind1="1" ind2=" ">
            <subfield code="a">Galsworthy, John</subfield>
            <subfield code="d">1867-1933</subfield>
        </datafield>
        <datafield tag="700" ind1="1" ind2=" ">
            <subfield code="a">Kipling, Rudyard</subfield>
            <subfield code="d">1865-1936</subfield>
        </datafield>
        <datafield tag="700" ind1="1" ind2=" ">
            <subfield code="a">Slavy, R. A.</subfield>
        </datafield>
        <datafield tag="740" ind1="0" ind2="2">
            <subfield code="a">Un Galanteo silencioso.</subfield>
        </datafield>
        <datafield tag="740" ind1="3" ind2="2">
            <subfield code="a">El Collar sagrado.</subfield>
        </datafield>
    </record>