
    <record>
        <leader>01110nam a2200265 c 4500</leader>
        <controlfield tag="001">a6812669</controlfield>
        <controlfield tag="003">SpMaBN</controlfield>
        <controlfield tag="005">20221128143655.2</controlfield>
        <controlfield tag="008">210225s1928    sp     | |||| 000 0 eng  </controlfield>
        <datafield tag="080" ind1=" " ind2=" ">
            <subfield code="a">821.111-92"19"</subfield>
        </datafield>
        <datafield tag="100" ind1="1" ind2=" ">
            <subfield code="a">Galsworthy, John</subfield>
            <subfield code="d">1867-1933</subfield>
            <subfield code="e">autor</subfield>
            <subfield code="4">aut</subfield>
        </datafield>
        <datafield tag="245" ind1="1" ind2="0">
            <subfield code="a">Castles in Spain and others screeds</subfield>
            <subfield code="c">by John Galsworthy, author of "The Forsyte saga", The silver spoon", "Beyond", etc.</subfield>
        </datafield>
        <datafield tag="250" ind1=" " ind2=" ">
            <subfield code="a">Copyright edition</subfield>
        </datafield>
        <datafield tag="264" ind1=" " ind2="1">
            <subfield code="a">Leipzig</subfield>
            <subfield code="b">Bernhard Tauchnitz,</subfield>
            <subfield code="c">1928</subfield>
        </datafield>
        <datafield tag="300" ind1=" " ind2=" ">
            <subfield code="a">224, 31 páginas</subfield>
            <subfield code="c">17 cm</subfield>
        </datafield>
        <datafield tag="336" ind1=" " ind2=" ">
            <subfield code="a">Texto</subfield>
            <subfield code="2">rdacontent</subfield>
        </datafield>
        <datafield tag="337" ind1=" " ind2=" ">
            <subfield code="a">sin mediación</subfield>
            <subfield code="2">rdamedia</subfield>
        </datafield>
        <datafield tag="338" ind1=" " ind2=" ">
            <subfield code="a">volumen</subfield>
            <subfield code="2">rdacarrier</subfield>
        </datafield>
        <datafield tag="490" ind1="0" ind2=" ">
            <subfield code="a">Collection of British authors</subfield>
            <subfield code="v">4837</subfield>
        </datafield>
    </record>