
    <record>
        <leader>00882nam a2200253 i 4500</leader>
        <controlfield tag="001">bimo0000057219</controlfield>
        <controlfield tag="003">SpMaBN</controlfield>
        <controlfield tag="005">20140225014437.3</controlfield>
        <controlfield tag="008">891031s1961    xxr                 rus  </controlfield>
        <datafield tag="016" ind1="7" ind2=" ">
            <subfield code="a">bimoBNE19910579663</subfield>
            <subfield code="z">SAB9000063351</subfield>
            <subfield code="2">SpMaBN</subfield>
        </datafield>
        <datafield tag="080" ind1=" " ind2=" ">
            <subfield code="a">820-31"19"</subfield>
        </datafield>
        <datafield tag="100" ind1="1" ind2=" ">
            <subfield code="a">Galsworthy, John</subfield>
            <subfield code="d">1867-1933</subfield>
            <subfield code="0">XX874970</subfield>
        </datafield>
        <datafield tag="245" ind1="1" ind2="0">
            <subfield code="a">Konets glavy</subfield>
            <subfield code="h">[Texto impreso]</subfield>
            <subfield code="c">Dzhon Golsuorsi ; [per. s angl. Iu. Korneeva i P. Melkovoï]</subfield>
        </datafield>
        <datafield tag="260" ind1=" " ind2=" ">
            <subfield code="a">Leningrad</subfield>
            <subfield code="b">Lenizdat</subfield>
            <subfield code="c">1961</subfield>
        </datafield>
        <datafield tag="300" ind1=" " ind2=" ">
            <subfield code="a">878 p.</subfield>
            <subfield code="c">21 cm</subfield>
        </datafield>
        <datafield tag="505" ind1="0" ind2=" ">
            <subfield code="a">V ozhidanii ; Tsvetok v pustyne ; Cherez reku</subfield>
        </datafield>
        <datafield tag="700" ind1="1" ind2=" ">
            <subfield code="a">Korneev, Iuriï Borisovich</subfield>
        </datafield>
        <datafield tag="700" ind1="1" ind2=" ">
            <subfield code="a">Melkova, Polina Vladimirovna</subfield>
        </datafield>
    </record>