
    <record>
        <leader>01450nam a22003371  4500</leader>
        <controlfield tag="001">bimo0001075566</controlfield>
        <controlfield tag="003">SpMaBN</controlfield>
        <controlfield tag="005">20200515014612.6</controlfield>
        <controlfield tag="008">900725s1960    sp                  spa  </controlfield>
        <datafield tag="016" ind1="7" ind2=" ">
            <subfield code="a">bimoBNE19983245958</subfield>
            <subfield code="z">IND9200483908</subfield>
            <subfield code="2">SpMaBN</subfield>
        </datafield>
        <datafield tag="017" ind1=" " ind2=" ">
            <subfield code="a">B 11982-1960</subfield>
            <subfield code="b">Oficina Depósito Legal Barcelona</subfield>
        </datafield>
        <datafield tag="080" ind1=" " ind2=" ">
            <subfield code="a">8-31"19"(082)</subfield>
        </datafield>
        <datafield tag="100" ind1="1" ind2=" ">
            <subfield code="a">Lagerlöf, Selma</subfield>
            <subfield code="d">1858-1940</subfield>
            <subfield code="0">XX906402</subfield>
        </datafield>
        <datafield tag="245" ind1="1" ind2="3">
            <subfield code="a">La leyenda de Gösta Berling</subfield>
            <subfield code="h">[Texto impreso]</subfield>
            <subfield code="c">Selma Lagerlöf. John Galsworthy, Un galanteo silencioso. Rutyard Kipling, El collar sagrado. [Traductores: R.A. Slavy, M. Espanyol. Luis Elías]</subfield>
        </datafield>
        <datafield tag="260" ind1=" " ind2=" ">
            <subfield code="a">Barcelona</subfield>
            <subfield code="b">G.P.</subfield>
            <subfield code="c">[1960]</subfield>
            <subfield code="f">Guada</subfield>
        </datafield>
        <datafield tag="300" ind1=" " ind2=" ">
            <subfield code="a">512 p.</subfield>
            <subfield code="c">18 cm</subfield>
        </datafield>
        <datafield tag="490" ind1="0" ind2=" ">
            <subfield code="a">Los Premios Nobel de Literatura</subfield>
            <subfield code="v">v. 8</subfield>
        </datafield>
        <datafield tag="594" ind1=" " ind2=" ">
            <subfield code="a">Traducción de: Gösta Berlings saga. A silent gallantry. The naulahka</subfield>
        </datafield>
        <datafield tag="700" ind1="1" ind2=" ">
            <subfield code="a">Galsworthy, John</subfield>
            <subfield code="d">1867-1933</subfield>
        </datafield>
        <datafield tag="700" ind1="1" ind2=" ">
            <subfield code="a">Kipling, Rudyard</subfield>
            <subfield code="d">1865-1936</subfield>
        </datafield>
        <datafield tag="700" ind1="1" ind2=" ">
            <subfield code="a">Slavy, R. A.</subfield>
        </datafield>
        <datafield tag="740" ind1="0" ind2="2">
            <subfield code="a">Un Galanteo silencioso.</subfield>
        </datafield>
        <datafield tag="740" ind1="3" ind2="2">
            <subfield code="a">El Collar sagrado.</subfield>
        </datafield>
    </record>