
    <record>
        <leader>01751nam a22003491  4500</leader>
        <controlfield tag="001">bimo0000897412</controlfield>
        <controlfield tag="003">SpMaBN</controlfield>
        <controlfield tag="005">20210506124141.5</controlfield>
        <controlfield tag="008">900725s1958    sp                  spa  </controlfield>
        <datafield tag="016" ind1="7" ind2=" ">
            <subfield code="a">bimoBNE19981418677</subfield>
            <subfield code="2">SpMaBN</subfield>
        </datafield>
        <datafield tag="017" ind1=" " ind2=" ">
            <subfield code="a">B 801-1958</subfield>
            <subfield code="b">Oficina Depósito Legal Barcelona</subfield>
        </datafield>
        <datafield tag="080" ind1=" " ind2=" ">
            <subfield code="a">82-311.2"19"</subfield>
        </datafield>
        <datafield tag="100" ind1="1" ind2=" ">
            <subfield code="a">Galsworthy, John</subfield>
            <subfield code="d">1867-1933</subfield>
            <subfield code="0">XX874970</subfield>
        </datafield>
        <datafield tag="240" ind1="1" ind2="3">
            <subfield code="a">El mono blanco</subfield>
        </datafield>
        <datafield tag="245" ind1="1" ind2="3">
            <subfield code="a">El mono blanco</subfield>
            <subfield code="h">[Texto impreso]</subfield>
            <subfield code="c">ilustraciones de Lorenzo Goñi... ; [traducción de Editorial Juventud]</subfield>
        </datafield>
        <datafield tag="260" ind1=" " ind2=" ">
            <subfield code="a">Barcelona</subfield>
            <subfield code="b">Juventud</subfield>
            <subfield code="c">[1958]</subfield>
            <subfield code="f">Ponsa</subfield>
        </datafield>
        <datafield tag="300" ind1=" " ind2=" ">
            <subfield code="a">282 p., 1 h.</subfield>
            <subfield code="c">18 cm</subfield>
        </datafield>
        <datafield tag="490" ind1="0" ind2=" ">
            <subfield code="a">Colección Z</subfield>
            <subfield code="v">v. 41</subfield>
        </datafield>
        <datafield tag="500" ind1=" " ind2=" ">
            <subfield code="a">Grab. intercal.</subfield>
        </datafield>
        <datafield tag="700" ind1="1" ind2=" ">
            <subfield code="a">Goñi, Lorenzo</subfield>
            <subfield code="d">1911-1992</subfield>
        </datafield>
        <datafield tag="710" ind1="2" ind2=" ">
            <subfield code="a">Editorial Juventud</subfield>
        </datafield>
    </record>