
    <record>
        <leader>00844nam a2200241 i 4500</leader>
        <controlfield tag="001">bimo0000070286</controlfield>
        <controlfield tag="003">SpMaBN</controlfield>
        <controlfield tag="005">20230717010127.2</controlfield>
        <controlfield tag="008">900404s1951    xxr                 rus  </controlfield>
        <datafield tag="016" ind1="7" ind2=" ">
            <subfield code="a">bimoBNE19910712000</subfield>
            <subfield code="z">SAB9000077524</subfield>
            <subfield code="2">SpMaBN</subfield>
        </datafield>
        <datafield tag="080" ind1=" " ind2=" ">
            <subfield code="a">820-31"19"</subfield>
        </datafield>
        <datafield tag="100" ind1="1" ind2=" ">
            <subfield code="a">Galsworthy, John</subfield>
            <subfield code="d">1867-1933</subfield>
            <subfield code="0">XX874970</subfield>
        </datafield>
        <datafield tag="240" ind1="1" ind2="0">
            <subfield code="a">Island Pharisees</subfield>
            <subfield code="l">Ruso</subfield>
        </datafield>
        <datafield tag="245" ind1="1" ind2="0">
            <subfield code="a">Ostrov fariseev</subfield>
            <subfield code="h">[Texto impreso]</subfield>
            <subfield code="c">Dzhon Golsuorsi ; [per. s angl. T. Kudriavtsevoï ; posleslovie M. Voropanovoï]</subfield>
        </datafield>
        <datafield tag="260" ind1=" " ind2=" ">
            <subfield code="a">Moskva</subfield>
            <subfield code="b">Goslitizdat</subfield>
            <subfield code="c">1951</subfield>
        </datafield>
        <datafield tag="300" ind1=" " ind2=" ">
            <subfield code="a">239 p.</subfield>
            <subfield code="c">21 cm</subfield>
        </datafield>
        <datafield tag="700" ind1="1" ind2=" ">
            <subfield code="a">Kudriavtseva, Tat'iana Alekseevna</subfield>
        </datafield>
    </record>