
    <record>
        <leader>00583nam a22001935c 4500</leader>
        <controlfield tag="001">a5192248</controlfield>
        <controlfield tag="003">SpMaBN</controlfield>
        <controlfield tag="005">20120605131728.3</controlfield>
        <controlfield tag="008">120417s1951    sp a   | |||| 000   spa  </controlfield>
        <datafield tag="245" ind1="0" ind2="4">
            <subfield code="a">La Dinastía de los Forsyte</subfield>
            <subfield code="h">[Texto impreso]</subfield>
        </datafield>
        <datafield tag="250" ind1=" " ind2=" ">
            <subfield code="a">Segunda edición</subfield>
        </datafield>
        <datafield tag="260" ind1=" " ind2=" ">
            <subfield code="a">Madrid</subfield>
            <subfield code="b">Editorial Tesoro</subfield>
            <subfield code="b">ediciones Siglo XX</subfield>
            <subfield code="c">[1951]</subfield>
        </datafield>
        <datafield tag="300" ind1=" " ind2=" ">
            <subfield code="a">599 p., 1 lam. pleg.</subfield>
            <subfield code="b">il</subfield>
            <subfield code="c">22 cm.</subfield>
        </datafield>
        <datafield tag="500" ind1=" " ind2=" ">
            <subfield code="a">Catalogación preliminar</subfield>
        </datafield>
    </record>