
    <record>
        <leader>01254nam a22003011  4500</leader>
        <controlfield tag="001">Mimo0002244801</controlfield>
        <controlfield tag="003">SpMaBN</controlfield>
        <controlfield tag="005">20090518091508.2</controlfield>
        <controlfield tag="008">900725s1951    sp                  spa  </controlfield>
        <datafield tag="016" ind1="7" ind2=" ">
            <subfield code="a">bimoBNE19981418699</subfield>
            <subfield code="2">SpMaBN</subfield>
        </datafield>
        <datafield tag="080" ind1=" " ind2=" ">
            <subfield code="a">82-311.2"19"</subfield>
        </datafield>
        <datafield tag="100" ind1="1" ind2=" ">
            <subfield code="a">Galsworthy, John</subfield>
            <subfield code="d">1867-1933</subfield>
            <subfield code="0">XX874970</subfield>
        </datafield>
        <datafield tag="245" ind1="1" ind2="0">
            <subfield code="a">Otra vez los Forsyte</subfield>
            <subfield code="h">[Texto impreso] :</subfield>
            <subfield code="b">[una comedia moderna]</subfield>
            <subfield code="c">John Galsworthy ; [versión... Carlos H. Núñez [y] Joaquín Rodríguez de Castro]</subfield>
        </datafield>
        <datafield tag="260" ind1=" " ind2=" ">
            <subfield code="a">Madrid</subfield>
            <subfield code="b">Siglo XX</subfield>
            <subfield code="c">[1951]</subfield>
            <subfield code="f">José Ruiz Alonso</subfield>
        </datafield>
        <datafield tag="300" ind1=" " ind2=" ">
            <subfield code="a">630 p., 1 h. pleg.</subfield>
            <subfield code="c">22 cm</subfield>
        </datafield>
        <datafield tag="500" ind1=" " ind2=" ">
            <subfield code="a">trad. Consta en el verso de la port.</subfield>
        </datafield>
        <datafield tag="700" ind1="1" ind2=" ">
            <subfield code="a">Núñez, Carlos Humberto</subfield>
        </datafield>
    </record>