
    <record>
        <leader>01583nam a22003851  4500</leader>
        <controlfield tag="001">bimo0000897415</controlfield>
        <controlfield tag="003">SpMaBN</controlfield>
        <controlfield tag="005">20190601005830.7</controlfield>
        <controlfield tag="008">900725s1945    sp                  spa  </controlfield>
        <datafield tag="016" ind1="7" ind2=" ">
            <subfield code="a">bimoBNE19981418701</subfield>
            <subfield code="2">SpMaBN</subfield>
        </datafield>
        <datafield tag="041" ind1="1" ind2=" ">
            <subfield code="a">spa</subfield>
        </datafield>
        <datafield tag="080" ind1=" " ind2=" ">
            <subfield code="a">82-311.2"19"=6</subfield>
        </datafield>
        <datafield tag="100" ind1="1" ind2=" ">
            <subfield code="a">Galsworthy, John</subfield>
            <subfield code="d">1867-1933</subfield>
            <subfield code="0">XX874970</subfield>
        </datafield>
        <datafield tag="240" ind1="1" ind2="0">
            <subfield code="a">Prado florido</subfield>
        </datafield>
        <datafield tag="245" ind1="1" ind2="0">
            <subfield code="a">Prado florido</subfield>
            <subfield code="h">[Texto impreso]</subfield>
            <subfield code="c">John Galsworthy ; [versión española de Emilia Bertel]</subfield>
        </datafield>
        <datafield tag="260" ind1=" " ind2=" ">
            <subfield code="a">Barcelona</subfield>
            <subfield code="b">Luis de Caralt</subfield>
            <subfield code="c">[1945]</subfield>
            <subfield code="f">Imprenta-Escuela de la Casa Provincial de Caridad</subfield>
        </datafield>
        <datafield tag="300" ind1=" " ind2=" ">
            <subfield code="a">284 p.</subfield>
            <subfield code="c">21 cm</subfield>
        </datafield>
        <datafield tag="490" ind1="0" ind2=" ">
            <subfield code="a">Colección Gigante</subfield>
        </datafield>
        <datafield tag="500" ind1=" " ind2=" ">
            <subfield code="a">trad. al v. de la port.</subfield>
        </datafield>
        <datafield tag="700" ind1="1" ind2=" ">
            <subfield code="a">Bertel, Emilia</subfield>
        </datafield>
    </record>