
    <record>
        <leader>01365nam a22003251  4500</leader>
        <controlfield tag="001">bimo0000897406</controlfield>
        <controlfield tag="003">SpMaBN</controlfield>
        <controlfield tag="005">20150212134459.5</controlfield>
        <controlfield tag="008">900725s1942    sp                  spa  </controlfield>
        <datafield tag="016" ind1="7" ind2=" ">
            <subfield code="a">bimoBNE19981418611</subfield>
            <subfield code="2">SpMaBN</subfield>
        </datafield>
        <datafield tag="080" ind1=" " ind2=" ">
            <subfield code="a">82-311.1"19"=6</subfield>
        </datafield>
        <datafield tag="100" ind1="1" ind2=" ">
            <subfield code="a">Galsworthy, John</subfield>
            <subfield code="d">1867-1933</subfield>
            <subfield code="0">XX874970</subfield>
        </datafield>
        <datafield tag="240" ind1="1" ind2="0">
            <subfield code="a">Más allá</subfield>
        </datafield>
        <datafield tag="245" ind1="1" ind2="0">
            <subfield code="a">Más allá</subfield>
            <subfield code="h">[Texto impreso] :</subfield>
            <subfield code="b">Novela</subfield>
            <subfield code="c">John Galsworthy. Traducción de María Luz Morales</subfield>
        </datafield>
        <datafield tag="250" ind1=" " ind2=" ">
            <subfield code="a">[2ª ed.]</subfield>
        </datafield>
        <datafield tag="260" ind1=" " ind2=" ">
            <subfield code="a">Barcelona</subfield>
            <subfield code="b">Juventud</subfield>
            <subfield code="c">[1942]</subfield>
            <subfield code="f">R. Plana</subfield>
        </datafield>
        <datafield tag="300" ind1=" " ind2=" ">
            <subfield code="a">288 p.</subfield>
            <subfield code="c">18 cm</subfield>
        </datafield>
        <datafield tag="500" ind1=" " ind2=" ">
            <subfield code="a">Ed. al verso de la port.</subfield>
        </datafield>
        <datafield tag="700" ind1="1" ind2=" ">
            <subfield code="a">Morales, María Luz</subfield>
            <subfield code="d">1889-1980</subfield>
        </datafield>
    </record>