
    <record>
        <leader>00897nam a22002771  4500</leader>
        <controlfield tag="001">bimo0000897411</controlfield>
        <controlfield tag="003">SpMaBN</controlfield>
        <controlfield tag="005">20211104015117.5</controlfield>
        <controlfield tag="008">900725s1941    sp                  spa  </controlfield>
        <datafield tag="016" ind1="7" ind2=" ">
            <subfield code="a">bimoBNE19981418666</subfield>
            <subfield code="2">SpMaBN</subfield>
        </datafield>
        <datafield tag="080" ind1=" " ind2=" ">
            <subfield code="a">82-31"19"</subfield>
        </datafield>
        <datafield tag="100" ind1="1" ind2=" ">
            <subfield code="a">Galsworthy, John</subfield>
            <subfield code="d">1867-1933</subfield>
            <subfield code="0">XX874970</subfield>
        </datafield>
        <datafield tag="240" ind1="1" ind2="3">
            <subfield code="a">El mono blanco</subfield>
        </datafield>
        <datafield tag="245" ind1="1" ind2="3">
            <subfield code="a">El mono blanco</subfield>
            <subfield code="h">[Texto impreso] :</subfield>
            <subfield code="b">novela</subfield>
            <subfield code="c">versión española de Editorial Juventud</subfield>
        </datafield>
        <datafield tag="250" ind1=" " ind2=" ">
            <subfield code="a">[2ª ed.]</subfield>
        </datafield>
        <datafield tag="260" ind1=" " ind2=" ">
            <subfield code="a">Barcelona</subfield>
            <subfield code="b">Juventud</subfield>
            <subfield code="c">[1941]</subfield>
            <subfield code="f">Clarasó</subfield>
        </datafield>
        <datafield tag="300" ind1=" " ind2=" ">
            <subfield code="a">304 p.</subfield>
            <subfield code="c">18 cm</subfield>
        </datafield>
        <datafield tag="500" ind1=" " ind2=" ">
            <subfield code="a">Ed. Al verso de la port.</subfield>
        </datafield>
        <datafield tag="710" ind1="2" ind2=" ">
            <subfield code="a">Editorial Juventud</subfield>
        </datafield>
    </record>