
    <record>
        <leader>01159nam a22002891  4500</leader>
        <controlfield tag="001">bimo0000897410</controlfield>
        <controlfield tag="003">SpMaBN</controlfield>
        <controlfield tag="005">20221124010651.5</controlfield>
        <controlfield tag="008">900725s1941    sp                  spa  </controlfield>
        <datafield tag="016" ind1="7" ind2=" ">
            <subfield code="a">bimoBNE19981418655</subfield>
            <subfield code="2">SpMaBN</subfield>
        </datafield>
        <datafield tag="100" ind1="1" ind2=" ">
            <subfield code="a">Galsworthy, John</subfield>
            <subfield code="d">1867-1933</subfield>
            <subfield code="0">XX874970</subfield>
        </datafield>
        <datafield tag="240" ind1="1" ind2="3">
            <subfield code="a">El mono blanco</subfield>
        </datafield>
        <datafield tag="245" ind1="1" ind2="3">
            <subfield code="a">El mono blanco</subfield>
            <subfield code="h">[Texto impreso] :</subfield>
            <subfield code="b">novela</subfield>
            <subfield code="c">versión española de Editorial Juventud</subfield>
        </datafield>
        <datafield tag="260" ind1=" " ind2=" ">
            <subfield code="a">Barcelona</subfield>
            <subfield code="b">Edit. Juventud</subfield>
            <subfield code="c">[1941]</subfield>
            <subfield code="f">Imp. Clarasó</subfield>
        </datafield>
        <datafield tag="300" ind1=" " ind2=" ">
            <subfield code="a">304 p.</subfield>
            <subfield code="c">18 cm</subfield>
        </datafield>
        <datafield tag="710" ind1="2" ind2=" ">
            <subfield code="a">Editorial Juventud</subfield>
        </datafield>
    </record>