
    <record>
        <leader>00870nam a22002411  4500</leader>
        <controlfield tag="001">bimo0000897389</controlfield>
        <controlfield tag="003">SpMaBN</controlfield>
        <controlfield tag="005">20140313015929.5</controlfield>
        <controlfield tag="008">900725s1941    xxk                 eng  </controlfield>
        <datafield tag="016" ind1="7" ind2=" ">
            <subfield code="a">bimoBNE19981418442</subfield>
            <subfield code="2">SpMaBN</subfield>
        </datafield>
        <datafield tag="080" ind1=" " ind2=" ">
            <subfield code="a">82-2"19"</subfield>
        </datafield>
        <datafield tag="100" ind1="1" ind2=" ">
            <subfield code="a">Galsworthy, John</subfield>
            <subfield code="d">1867-1933</subfield>
            <subfield code="0">XX874970</subfield>
        </datafield>
        <datafield tag="245" ind1="1" ind2="0">
            <subfield code="a">Ten famous plays</subfield>
            <subfield code="h">[Texto impreso]</subfield>
        </datafield>
        <datafield tag="260" ind1=" " ind2=" ">
            <subfield code="a">London</subfield>
            <subfield code="b">Duckworth</subfield>
            <subfield code="c">[1941]</subfield>
            <subfield code="e">Edinburgh</subfield>
            <subfield code="f">Riverside Press</subfield>
        </datafield>
        <datafield tag="300" ind1=" " ind2=" ">
            <subfield code="a">10 partes en 1 v.</subfield>
            <subfield code="c">19 cm</subfield>
        </datafield>
        <datafield tag="505" ind1="0" ind2=" ">
            <subfield code="a">[The silver box. Joy. Strife. Justice. The skin game. Loyalties. Windows Old english. Escape. The roof.]</subfield>
        </datafield>
    </record>