
    <record>
        <leader>01071nam a22002411i 4500</leader>
        <controlfield tag="001">bimo0001148519</controlfield>
        <controlfield tag="003">SpMaBN</controlfield>
        <controlfield tag="005">20220427010113.4</controlfield>
        <controlfield tag="008">930725s1936    xxu                 eng  </controlfield>
        <datafield tag="016" ind1="7" ind2=" ">
            <subfield code="a">bimoBNE19993995174</subfield>
            <subfield code="z">IND9300561054</subfield>
            <subfield code="2">SpMaBN</subfield>
        </datafield>
        <datafield tag="100" ind1="1" ind2=" ">
            <subfield code="a">Marrot, Harold Vincent</subfield>
            <subfield code="0">XX1356856</subfield>
        </datafield>
        <datafield tag="245" ind1="1" ind2="4">
            <subfield code="a">The life and letters of John Galsworthy</subfield>
            <subfield code="h">[Texto impreso]</subfield>
            <subfield code="c">by H.V. Marrot</subfield>
        </datafield>
        <datafield tag="260" ind1=" " ind2=" ">
            <subfield code="a">New York</subfield>
            <subfield code="b">Charles Scribner's Sons</subfield>
            <subfield code="c">1936</subfield>
        </datafield>
        <datafield tag="300" ind1=" " ind2=" ">
            <subfield code="a">XV, 819 p., [48] p. de lám., [1] h. pleg.</subfield>
            <subfield code="b">il.</subfield>
            <subfield code="c">22 cm</subfield>
        </datafield>
        <datafield tag="600" ind1="1" ind2="7">
            <subfield code="a">Galsworthy, John</subfield>
            <subfield code="d">1867-1933</subfield>
            <subfield code="x">Biografías</subfield>
            <subfield code="2">embne</subfield>
        </datafield>
        <datafield tag="600" ind1="1" ind2="7">
            <subfield code="a">Galsworthy, John</subfield>
            <subfield code="d">1867-1933</subfield>
            <subfield code="x">Crítica e interpretación</subfield>
            <subfield code="2">embne</subfield>
        </datafield>
        <datafield tag="700" ind1="1" ind2=" ">
            <subfield code="a">Galsworthy, John</subfield>
            <subfield code="d">1867-1933</subfield>
        </datafield>
    </record>