
    <record>
        <leader>01010nam a22002771  4500</leader>
        <controlfield tag="001">bimo0000897405</controlfield>
        <controlfield tag="003">SpMaBN</controlfield>
        <controlfield tag="005">20140424154432.5</controlfield>
        <controlfield tag="008">900725s1935    sp                  spa  </controlfield>
        <datafield tag="016" ind1="7" ind2=" ">
            <subfield code="a">bimoBNE19981418600</subfield>
            <subfield code="2">SpMaBN</subfield>
        </datafield>
        <datafield tag="100" ind1="1" ind2=" ">
            <subfield code="a">Galsworthy, John</subfield>
            <subfield code="d">1867-1933</subfield>
            <subfield code="0">XX874970</subfield>
        </datafield>
        <datafield tag="240" ind1="1" ind2="0">
            <subfield code="a">Más allá</subfield>
        </datafield>
        <datafield tag="245" ind1="1" ind2="0">
            <subfield code="a">Más allá</subfield>
            <subfield code="h">[Texto impreso] :</subfield>
            <subfield code="b">Novela</subfield>
            <subfield code="c">John Galsworthy ; Traducción de María Luz Morales</subfield>
        </datafield>
        <datafield tag="250" ind1=" " ind2=" ">
            <subfield code="a">1ª ed.</subfield>
        </datafield>
        <datafield tag="260" ind1=" " ind2=" ">
            <subfield code="a">Barcelona</subfield>
            <subfield code="b">[s.n.</subfield>
            <subfield code="c">1935]</subfield>
            <subfield code="f">Atenas A.G.</subfield>
        </datafield>
        <datafield tag="300" ind1=" " ind2=" ">
            <subfield code="a">304 p.</subfield>
            <subfield code="c">8ª mllª (19 cm)</subfield>
        </datafield>
        <datafield tag="700" ind1="1" ind2=" ">
            <subfield code="a">Morales, María Luz</subfield>
            <subfield code="d">1889-1980</subfield>
        </datafield>
    </record>