
    <record>
        <leader>00766nam a22002171  4500</leader>
        <controlfield tag="001">bimo0000897417</controlfield>
        <controlfield tag="003">SpMaBN</controlfield>
        <controlfield tag="005">20171212170010.3</controlfield>
        <controlfield tag="008">900725q1932    sp                  spa  </controlfield>
        <datafield tag="016" ind1="7" ind2=" ">
            <subfield code="a">bimoBNE19981418723</subfield>
            <subfield code="2">SpMaBN</subfield>
        </datafield>
        <datafield tag="100" ind1="1" ind2=" ">
            <subfield code="a">Galsworthy, John</subfield>
            <subfield code="d">1867-1933</subfield>
            <subfield code="0">XX874970</subfield>
        </datafield>
        <datafield tag="245" ind1="1" ind2="0">
            <subfield code="a">Redención de un Forsyte</subfield>
            <subfield code="h">[Texto impreso]</subfield>
            <subfield code="c">John Galsworthy. Traducido por F. Oliver Brachfeld</subfield>
        </datafield>
        <datafield tag="260" ind1=" " ind2=" ">
            <subfield code="a">Barcelona</subfield>
            <subfield code="b">Union distribuidora de ediciones</subfield>
            <subfield code="c">[posterior a 1932]</subfield>
        </datafield>
        <datafield tag="300" ind1=" " ind2=" ">
            <subfield code="a">62 p.</subfield>
            <subfield code="c">17 cm</subfield>
        </datafield>
    </record>