
    <record>
        <leader>00709nam a22002171  4500</leader>
        <controlfield tag="001">bimo0000897387</controlfield>
        <controlfield tag="003">SpMaBN</controlfield>
        <controlfield tag="005">20140313015929.5</controlfield>
        <controlfield tag="008">900725s1932    xxk                 eng  </controlfield>
        <datafield tag="016" ind1="7" ind2=" ">
            <subfield code="a">bimoBNE19981418420</subfield>
            <subfield code="2">SpMaBN</subfield>
        </datafield>
        <datafield tag="100" ind1="1" ind2=" ">
            <subfield code="a">Galsworthy, John</subfield>
            <subfield code="d">1867-1933</subfield>
            <subfield code="0">XX874970</subfield>
        </datafield>
        <datafield tag="245" ind1="1" ind2="0">
            <subfield code="a">Maid in Waiting</subfield>
            <subfield code="h">[Texto impreso]</subfield>
        </datafield>
        <datafield tag="260" ind1=" " ind2=" ">
            <subfield code="a">London</subfield>
            <subfield code="b">[s.n.</subfield>
            <subfield code="c">1932]</subfield>
            <subfield code="e">Kingswood</subfield>
            <subfield code="f">The Windmil Press</subfield>
        </datafield>
        <datafield tag="300" ind1=" " ind2=" ">
            <subfield code="a">3 h., 349 p.</subfield>
            <subfield code="c">8º mllª (19 cm)</subfield>
        </datafield>
    </record>