
    <record>
        <leader>00898nam a22002531  4500</leader>
        <controlfield tag="001">bimo0000897386</controlfield>
        <controlfield tag="003">SpMaBN</controlfield>
        <controlfield tag="005">20140313015929.5</controlfield>
        <controlfield tag="008">900725s1930    gw                  eng  </controlfield>
        <datafield tag="016" ind1="7" ind2=" ">
            <subfield code="a">bimoBNE19981418419</subfield>
            <subfield code="2">SpMaBN</subfield>
        </datafield>
        <datafield tag="100" ind1="1" ind2=" ">
            <subfield code="a">Galsworthy, John</subfield>
            <subfield code="d">1867-1933</subfield>
            <subfield code="0">XX874970</subfield>
        </datafield>
        <datafield tag="245" ind1="1" ind2="0">
            <subfield code="a">Awakening-Ultima Tlube</subfield>
            <subfield code="h">[Texto impreso] :</subfield>
            <subfield code="b">The Juryunan Three Short Tales</subfield>
            <subfield code="c">by John Galworty... Notes and Glossary by Arthur Cliffe</subfield>
        </datafield>
        <datafield tag="250" ind1=" " ind2=" ">
            <subfield code="a">3rd ed.</subfield>
        </datafield>
        <datafield tag="260" ind1=" " ind2=" ">
            <subfield code="a">Frankfurt</subfield>
            <subfield code="b">[Röder-Leipzig]</subfield>
            <subfield code="c">1930</subfield>
        </datafield>
        <datafield tag="300" ind1=" " ind2=" ">
            <subfield code="a">70 p.</subfield>
            <subfield code="c">19 cm</subfield>
        </datafield>
        <datafield tag="490" ind1="0" ind2=" ">
            <subfield code="a">Vol. 102 de la Diestermegs neus prachliche Reformansgaben</subfield>
        </datafield>
        <datafield tag="500" ind1=" " ind2=" ">
            <subfield code="a">retr. autor</subfield>
        </datafield>
    </record>