
    <record>
        <leader>00786nam a22002417  4500</leader>
        <controlfield tag="001">bimo0001983458</controlfield>
        <controlfield tag="003">SpMaBN</controlfield>
        <controlfield tag="005">20041105000000.6</controlfield>
        <controlfield tag="008">041104r19281927xxk|          ||| ||eng  </controlfield>
        <datafield tag="016" ind1="7" ind2=" ">
            <subfield code="a">bimoBNE20041022803</subfield>
            <subfield code="2">SpMaBN</subfield>
        </datafield>
        <datafield tag="080" ind1=" " ind2=" ">
            <subfield code="a">821.111-32"19"</subfield>
        </datafield>
        <datafield tag="100" ind1="1" ind2=" ">
            <subfield code="a">Galsworthy, John</subfield>
            <subfield code="d">1867-1933</subfield>
            <subfield code="0">XX874970</subfield>
        </datafield>
        <datafield tag="245" ind1="1" ind2="0">
            <subfield code="a">Two Forsyte interludes</subfield>
            <subfield code="h">[Texto impreso]</subfield>
            <subfield code="c">by John Galsworthy</subfield>
        </datafield>
        <datafield tag="250" ind1=" " ind2=" ">
            <subfield code="a">1st published, new imp.</subfield>
        </datafield>
        <datafield tag="260" ind1=" " ind2=" ">
            <subfield code="a">London</subfield>
            <subfield code="b">William Heinemann Ltd.</subfield>
            <subfield code="c">1928</subfield>
        </datafield>
        <datafield tag="300" ind1=" " ind2=" ">
            <subfield code="a">74 p.</subfield>
            <subfield code="c">17 cm</subfield>
        </datafield>
        <datafield tag="505" ind1="0" ind2=" ">
            <subfield code="a">A silent wooing ; Passers by</subfield>
        </datafield>
    </record>