
    <record>
        <leader>00862nam a22002291  4500</leader>
        <controlfield tag="001">bimo0001004428</controlfield>
        <controlfield tag="003">SpMaBN</controlfield>
        <controlfield tag="005">20100120171227.4</controlfield>
        <controlfield tag="008">920725s1927    xxu                 eng  </controlfield>
        <datafield tag="016" ind1="7" ind2=" ">
            <subfield code="a">bimoBNE19982516813</subfield>
            <subfield code="z">IND9200424451</subfield>
            <subfield code="2">SpMaBN</subfield>
        </datafield>
        <datafield tag="100" ind1="1" ind2=" ">
            <subfield code="a">Horn, Alfred Aloysius</subfield>
            <subfield code="0">XX1312562</subfield>
        </datafield>
        <datafield tag="245" ind1="1" ind2="0">
            <subfield code="a">Trader Horn</subfield>
            <subfield code="h">[Texto impreso]</subfield>
            <subfield code="c">Being the Life and Works of Alfred Aloysins Horn edited by Ethelreda Lewis with a foreword by John Galswarthy</subfield>
        </datafield>
        <datafield tag="260" ind1=" " ind2=" ">
            <subfield code="a">New York</subfield>
            <subfield code="b">Gross of S. Dunlap</subfield>
            <subfield code="c">[1927?]</subfield>
        </datafield>
        <datafield tag="300" ind1=" " ind2=" ">
            <subfield code="a">VIII p., 1 h., 302 p., 1 lam.</subfield>
            <subfield code="c">21 cm</subfield>
        </datafield>
        <datafield tag="700" ind1="1" ind2=" ">
            <subfield code="a">Galsworthy, John</subfield>
            <subfield code="d">1867-1933</subfield>
        </datafield>
        <datafield tag="700" ind1="1" ind2=" ">
            <subfield code="a">Lewis, Ethelreda</subfield>
        </datafield>
    </record>