
    <record>
        <leader>01213cam a2200277 c 4500</leader>
        <controlfield tag="001">bimo0001749759</controlfield>
        <controlfield tag="003">SpMaBN</controlfield>
        <controlfield tag="005">20140908133835.2</controlfield>
        <controlfield tag="008">011112s1926    gw            000 1 eng  </controlfield>
        <datafield tag="016" ind1="7" ind2=" ">
            <subfield code="a">bimoBNE20020067586</subfield>
            <subfield code="z">HAB2001029955</subfield>
            <subfield code="2">SpMaBN</subfield>
        </datafield>
        <datafield tag="100" ind1="1" ind2=" ">
            <subfield code="a">Galsworthy, John</subfield>
            <subfield code="d">1867-1933</subfield>
            <subfield code="0">XX874970</subfield>
        </datafield>
        <datafield tag="245" ind1="1" ind2="4">
            <subfield code="a">The Forsyte saga</subfield>
            <subfield code="c">by John Galsworthy, author of "Fraternity," "The wuhite monkey," etc.</subfield>
        </datafield>
        <datafield tag="260" ind1=" " ind2=" ">
            <subfield code="a">Leipzig</subfield>
            <subfield code="b">Bernhard Tauchnitz</subfield>
            <subfield code="c">1926</subfield>
        </datafield>
        <datafield tag="300" ind1=" " ind2=" ">
            <subfield code="a">3 v.</subfield>
            <subfield code="c">16 cm</subfield>
        </datafield>
        <datafield tag="336" ind1=" " ind2=" ">
            <subfield code="a">Texto (visual)</subfield>
        </datafield>
        <datafield tag="337" ind1=" " ind2=" ">
            <subfield code="a">sin mediación</subfield>
        </datafield>
        <datafield tag="490" ind1="0" ind2=" ">
            <subfield code="a">Collection of British authors</subfield>
            <subfield code="v">4733-4735</subfield>
        </datafield>
        <datafield tag="505" ind1="0" ind2=" ">
            <subfield code="a">v. 1. The man of property (368 p.) -- v. 2. Indian summer of a Forsyte ; In Chancery (375 p.) -- v. 3 Awakening ; To let (328 p.)</subfield>
        </datafield>
    </record>