
    <record>
        <leader>00902nam a2200241   4500</leader>
        <controlfield tag="001">bimo0001006544</controlfield>
        <controlfield tag="003">SpMaBN</controlfield>
        <controlfield tag="005">20230920004422.4</controlfield>
        <controlfield tag="008">920725s1925    xxk                 eng  </controlfield>
        <datafield tag="016" ind1="7" ind2=" ">
            <subfield code="a">bimoBNE19982538547</subfield>
            <subfield code="z">IND9200426876</subfield>
            <subfield code="2">SpMaBN</subfield>
        </datafield>
        <datafield tag="100" ind1="1" ind2=" ">
            <subfield code="a">Hudson, W. H.</subfield>
            <subfield code="d">1841-1922</subfield>
            <subfield code="0">XX979480</subfield>
        </datafield>
        <datafield tag="245" ind1="1" ind2="0">
            <subfield code="a">Far Away and long ago</subfield>
            <subfield code="h">[Texto impreso] :</subfield>
            <subfield code="b">A history of my early life</subfield>
            <subfield code="c">by William Henry. With a foreword by John Galsworthy</subfield>
        </datafield>
        <datafield tag="260" ind1=" " ind2=" ">
            <subfield code="a">London</subfield>
            <subfield code="b">J.M. Dent. sons Hol.</subfield>
            <subfield code="c">1925</subfield>
            <subfield code="f">Bumgay et Richard llony &amp; Sons</subfield>
        </datafield>
        <datafield tag="300" ind1=" " ind2=" ">
            <subfield code="a">XX, 332 p., 1 lam.</subfield>
            <subfield code="c">21 cm</subfield>
        </datafield>
        <datafield tag="500" ind1=" " ind2=" ">
            <subfield code="a">lám. con retrato del autor</subfield>
        </datafield>
        <datafield tag="700" ind1="1" ind2=" ">
            <subfield code="a">Galsworthy, John</subfield>
            <subfield code="d">1867-1933</subfield>
        </datafield>
    </record>