
    <record>
        <leader>00777nam a2200229   4500</leader>
        <controlfield tag="001">bimo0000317644</controlfield>
        <controlfield tag="003">SpMaBN</controlfield>
        <controlfield tag="005">20220218013740.6</controlfield>
        <controlfield tag="008">930326s1924    xxu|         |||| ||eng d</controlfield>
        <datafield tag="016" ind1="7" ind2=" ">
            <subfield code="a">bimoBNE19930433752</subfield>
            <subfield code="z">SIC92031925</subfield>
            <subfield code="2">SpMaBN</subfield>
        </datafield>
        <datafield tag="080" ind1=" " ind2=" ">
            <subfield code="a">820-23"19"</subfield>
        </datafield>
        <datafield tag="100" ind1="1" ind2=" ">
            <subfield code="a">Galsworthy, John</subfield>
            <subfield code="d">1867-1933</subfield>
            <subfield code="0">XX874970</subfield>
        </datafield>
        <datafield tag="245" ind1="1" ind2="0">
            <subfield code="a">Representative plays</subfield>
            <subfield code="h">[Texto impreso]</subfield>
            <subfield code="c">by John Galsworthy ; with an introduction by George P. Baker</subfield>
        </datafield>
        <datafield tag="260" ind1=" " ind2=" ">
            <subfield code="a">New York</subfield>
            <subfield code="b">Charles Scribner's sons</subfield>
            <subfield code="c">cop. 1924</subfield>
        </datafield>
        <datafield tag="300" ind1=" " ind2=" ">
            <subfield code="a">469 p.</subfield>
            <subfield code="c">20 cm</subfield>
        </datafield>
        <datafield tag="700" ind1="1" ind2=" ">
            <subfield code="a">Baker, George</subfield>
        </datafield>
    </record>