
    <record>
        <leader>01361nam a22003131  4500</leader>
        <controlfield tag="001">bimo0000897399</controlfield>
        <controlfield tag="003">SpMaBN</controlfield>
        <controlfield tag="005">20200610005340.4</controlfield>
        <controlfield tag="008">900725s1924    sp                  spa  </controlfield>
        <datafield tag="016" ind1="7" ind2=" ">
            <subfield code="a">bimoBNE19981418543</subfield>
            <subfield code="2">SpMaBN</subfield>
        </datafield>
        <datafield tag="041" ind1="1" ind2=" ">
            <subfield code="a">spa</subfield>
            <subfield code="h">eng</subfield>
        </datafield>
        <datafield tag="100" ind1="1" ind2=" ">
            <subfield code="a">Galsworthy, John</subfield>
            <subfield code="d">1867-1933</subfield>
            <subfield code="0">XX874970</subfield>
        </datafield>
        <datafield tag="245" ind1="1" ind2="0">
            <subfield code="a">Flor sombría</subfield>
            <subfield code="h">[Texto impreso] :</subfield>
            <subfield code="b">novela</subfield>
            <subfield code="c">de John Galsworthy ; traducción y prólogo de R. Cansinos-Assens</subfield>
        </datafield>
        <datafield tag="260" ind1=" " ind2=" ">
            <subfield code="a">Madrid</subfield>
            <subfield code="b">[Sres. de Rivadeneyra]</subfield>
            <subfield code="c">1924</subfield>
        </datafield>
        <datafield tag="300" ind1=" " ind2=" ">
            <subfield code="a">400 p.</subfield>
            <subfield code="c">8º mllª (19 cm)</subfield>
        </datafield>
        <datafield tag="700" ind1="1" ind2=" ">
            <subfield code="a">Cansinos Assens, Rafael</subfield>
            <subfield code="d">1882-1964</subfield>
        </datafield>
    </record>