
    <record>
        <leader>00749nam a22002411i 4500</leader>
        <controlfield tag="001">bimo0000897384</controlfield>
        <controlfield tag="003">SpMaBN</controlfield>
        <controlfield tag="005">20140313015929.5</controlfield>
        <controlfield tag="008">900725s1923    xxk                 eng  </controlfield>
        <datafield tag="016" ind1="7" ind2=" ">
            <subfield code="a">bimoBNE19981418396</subfield>
            <subfield code="2">SpMaBN</subfield>
        </datafield>
        <datafield tag="080" ind1=" " ind2=" ">
            <subfield code="a">820-34"19"</subfield>
        </datafield>
        <datafield tag="100" ind1="1" ind2=" ">
            <subfield code="a">Galsworthy, John</subfield>
            <subfield code="d">1867-1933</subfield>
            <subfield code="0">XX874970</subfield>
        </datafield>
        <datafield tag="245" ind1="1" ind2="0">
            <subfield code="a">Five tales</subfield>
            <subfield code="h">[Texto impreso]</subfield>
            <subfield code="c">John Galsworthy</subfield>
        </datafield>
        <datafield tag="260" ind1=" " ind2=" ">
            <subfield code="a">London</subfield>
            <subfield code="b">William Heinemann</subfield>
            <subfield code="c">1923</subfield>
        </datafield>
        <datafield tag="300" ind1=" " ind2=" ">
            <subfield code="a">350 p.</subfield>
            <subfield code="c">17 cm</subfield>
        </datafield>
        <datafield tag="490" ind1="0" ind2=" ">
            <subfield code="a">The works of John Galsworthy</subfield>
        </datafield>
    </record>