
    <record>
        <leader>00948nam a2200277   4500</leader>
        <controlfield tag="001">bimo0000897404</controlfield>
        <controlfield tag="003">SpMaBN</controlfield>
        <controlfield tag="005">20200925013557.6</controlfield>
        <controlfield tag="008">900725s1921    sp                  spa  </controlfield>
        <datafield tag="016" ind1="7" ind2=" ">
            <subfield code="a">bimoBNE19981418598</subfield>
            <subfield code="2">SpMaBN</subfield>
        </datafield>
        <datafield tag="041" ind1="1" ind2=" ">
            <subfield code="a">spa</subfield>
            <subfield code="h">eng</subfield>
        </datafield>
        <datafield tag="100" ind1="1" ind2=" ">
            <subfield code="a">Galsworthy, John</subfield>
            <subfield code="d">1867-1933</subfield>
            <subfield code="0">XX874970</subfield>
        </datafield>
        <datafield tag="245" ind1="1" ind2="3">
            <subfield code="a">La huelga :</subfield>
            <subfield code="b">drama en tres actos</subfield>
            <subfield code="c">John Galsworthy, traducido del inglés por Luis Araquistain</subfield>
        </datafield>
        <datafield tag="260" ind1=" " ind2=" ">
            <subfield code="a">Madrid</subfield>
            <subfield code="b">Biblioteca Nueva</subfield>
            <subfield code="c">[1921?]</subfield>
            <subfield code="f">S.L. de Artes Gráficas</subfield>
        </datafield>
        <datafield tag="300" ind1=" " ind2=" ">
            <subfield code="a">179 p., 2 h.</subfield>
            <subfield code="c">17 cm</subfield>
        </datafield>
        <datafield tag="336" ind1=" " ind2=" ">
            <subfield code="a">Texto (visual)</subfield>
        </datafield>
        <datafield tag="337" ind1=" " ind2=" ">
            <subfield code="a">sin mediación</subfield>
        </datafield>
        <datafield tag="490" ind1="0" ind2=" ">
            <subfield code="a">Teatro Selecto Contemporáneo</subfield>
        </datafield>
        <datafield tag="700" ind1="1" ind2=" ">
            <subfield code="a">Araquistáin, Luis</subfield>
            <subfield code="d">1886-1959</subfield>
            <subfield code="e">traductor</subfield>
        </datafield>
    </record>