
    <record>
        <leader>00848nam a22002531  4500</leader>
        <controlfield tag="001">bimo0000897403</controlfield>
        <controlfield tag="003">SpMaBN</controlfield>
        <controlfield tag="005">20200929193257.3</controlfield>
        <controlfield tag="008">900725n19--    sp                  spa  </controlfield>
        <datafield tag="016" ind1="7" ind2=" ">
            <subfield code="a">bimoBNE19981418587</subfield>
            <subfield code="2">SpMaBN</subfield>
        </datafield>
        <datafield tag="041" ind1="1" ind2=" ">
            <subfield code="a">spa</subfield>
            <subfield code="h">eng</subfield>
        </datafield>
        <datafield tag="100" ind1="1" ind2=" ">
            <subfield code="a">Galsworthy, John</subfield>
            <subfield code="d">1867-1933</subfield>
            <subfield code="0">XX874970</subfield>
        </datafield>
        <datafield tag="245" ind1="1" ind2="3">
            <subfield code="a">La huelga</subfield>
            <subfield code="h">[Texto impreso] :</subfield>
            <subfield code="b">Drama en tres actos</subfield>
            <subfield code="c">traducido del inglés por Luis Araquistain</subfield>
        </datafield>
        <datafield tag="260" ind1=" " ind2=" ">
            <subfield code="a">Madrid</subfield>
            <subfield code="b">Biblioteca Nueva</subfield>
            <subfield code="c">[19--]</subfield>
        </datafield>
        <datafield tag="300" ind1=" " ind2=" ">
            <subfield code="a">178 p., 2 h.</subfield>
            <subfield code="c">17 cm</subfield>
        </datafield>
        <datafield tag="490" ind1="0" ind2=" ">
            <subfield code="a">Teatro Selecto Contemporáneo</subfield>
        </datafield>
        <datafield tag="700" ind1="1" ind2=" ">
            <subfield code="a">Araquistáin, Luis</subfield>
            <subfield code="d">1886-1959</subfield>
        </datafield>
    </record>