
    <record>
        <leader>00849nam a22002411  4500</leader>
        <controlfield tag="001">bimo0000897402</controlfield>
        <controlfield tag="003">SpMaBN</controlfield>
        <controlfield tag="005">20211001015804.6</controlfield>
        <controlfield tag="008">900725n        sp                  spa  </controlfield>
        <datafield tag="016" ind1="7" ind2=" ">
            <subfield code="a">bimoBNE19981418576</subfield>
            <subfield code="2">SpMaBN</subfield>
        </datafield>
        <datafield tag="041" ind1="1" ind2=" ">
            <subfield code="a">spa</subfield>
            <subfield code="h">eng</subfield>
        </datafield>
        <datafield tag="100" ind1="1" ind2=" ">
            <subfield code="a">Galsworthy, John</subfield>
            <subfield code="d">1867-1933</subfield>
            <subfield code="0">XX874970</subfield>
        </datafield>
        <datafield tag="245" ind1="1" ind2="3">
            <subfield code="a">La huelga</subfield>
            <subfield code="h">[Texto impreso] :</subfield>
            <subfield code="b">Drama en tres actos</subfield>
            <subfield code="c">Traducido del inglés por Luis Araguistain</subfield>
        </datafield>
        <datafield tag="260" ind1=" " ind2=" ">
            <subfield code="a">[Cartagena] ;</subfield>
            <subfield code="a">Madrid</subfield>
            <subfield code="b">[s.n.</subfield>
            <subfield code="c">s.a.]</subfield>
            <subfield code="f">S.L. de Artes Gráficas</subfield>
        </datafield>
        <datafield tag="300" ind1=" " ind2=" ">
            <subfield code="a">179 p.</subfield>
            <subfield code="c">16 cm</subfield>
        </datafield>
        <datafield tag="700" ind1="1" ind2=" ">
            <subfield code="a">Araquistáin, Luis</subfield>
            <subfield code="d">1886-1959</subfield>
        </datafield>
    </record>