
    <record>
        <leader>00884nam a22002291  4500</leader>
        <controlfield tag="001">bimo0001749250</controlfield>
        <controlfield tag="003">SpMaBN</controlfield>
        <controlfield tag="005">20090511153123.2</controlfield>
        <controlfield tag="008">011112n        gw                  eng  </controlfield>
        <datafield tag="016" ind1="7" ind2=" ">
            <subfield code="a">bimoBNE20020062491</subfield>
            <subfield code="z">HAB2001029439</subfield>
            <subfield code="2">SpMaBN</subfield>
        </datafield>
        <datafield tag="100" ind1="1" ind2=" ">
            <subfield code="a">Galsworthy, John</subfield>
            <subfield code="d">1867-1933</subfield>
            <subfield code="0">XX874970</subfield>
        </datafield>
        <datafield tag="245" ind1="1" ind2="4">
            <subfield code="a">The man of property</subfield>
            <subfield code="h">[Texto impreso]</subfield>
            <subfield code="c">by John Galssworthy</subfield>
        </datafield>
        <datafield tag="260" ind1=" " ind2=" ">
            <subfield code="a">Leipzig</subfield>
            <subfield code="b">Bernhard Tauchnitz</subfield>
            <subfield code="c">[s.a.]</subfield>
        </datafield>
        <datafield tag="300" ind1=" " ind2=" ">
            <subfield code="a">2 v.</subfield>
            <subfield code="c">8º mlla. (16 cm)</subfield>
        </datafield>
        <datafield tag="490" ind1="0" ind2=" ">
            <subfield code="a">Collection of British Authors</subfield>
            <subfield code="v">4091-2</subfield>
        </datafield>
    </record>