
    <record>
        <leader>00777nam a22002171  4500</leader>
        <controlfield tag="001">bimo0001749495</controlfield>
        <controlfield tag="003">SpMaBN</controlfield>
        <controlfield tag="005">20020112000000.7</controlfield>
        <controlfield tag="008">011112n        gw                  eng  </controlfield>
        <datafield tag="016" ind1="7" ind2=" ">
            <subfield code="a">bimoBNE20020064943</subfield>
            <subfield code="z">HAB2001029685</subfield>
            <subfield code="2">SpMaBN</subfield>
        </datafield>
        <datafield tag="100" ind1="1" ind2=" ">
            <subfield code="a">Galsworthy, John</subfield>
            <subfield code="d">1867-1933</subfield>
            <subfield code="0">XX874970</subfield>
        </datafield>
        <datafield tag="245" ind1="1" ind2="4">
            <subfield code="a">The inn of tranquillity</subfield>
            <subfield code="h">[Texto impreso] :</subfield>
            <subfield code="b">studies and essays</subfield>
            <subfield code="c">by John Galsworthy</subfield>
        </datafield>
        <datafield tag="260" ind1=" " ind2=" ">
            <subfield code="a">Leipzig</subfield>
            <subfield code="b">Bernhard Tauchnitz</subfield>
            <subfield code="c">[s.a.]</subfield>
        </datafield>
        <datafield tag="300" ind1=" " ind2=" ">
            <subfield code="a">270 p., 1 h.</subfield>
            <subfield code="c">8º mlla. (16 cm)</subfield>
        </datafield>
        <datafield tag="490" ind1="0" ind2=" ">
            <subfield code="a">Collection of British Authors</subfield>
            <subfield code="v">4375</subfield>
        </datafield>
    </record>